3000 4994
407 373 451 426 IN
476 372 731 427 INFIRMITATE
756 374 997 430 PERFIOITUR.
1216 360 1282 427 325

125 528 209 593 enim
229 527 357 614 aliquis)
373 527 470 593 voluit
488 550 563 615 ergo
584 529 738 594 Dominus
760 529 950 615 Apostolum
969 551 1061 594 suum
1080 531 1125 595 sic
1145 529 1282 615 colaphi·
1325 539 1418 626 L},¹,³·,Y·

40 700 43 705 ,
124 632 197 709 sari,
228 639 261 697 et
294 630 390 696 talem
419 631 573 696 sustinere
610 630 840 696 infirmitatem?
890 631 1008 709 Etiam,
1040 632 1116 697 dicit
1145 634 1281 699 verbum.
1308 633 1430 719 ffislsslt·

127 733 239 799 Virtus
253 734 336 799 euim
352 734 384 798 in
400 734 581 799 infirmitate
596 734 763 820 perficitur,
783 735 941 800 meliorem
958 735 1095 800 efficiens
1114 735 1208 814 hunc,
1229 735 1282 821 qui
1297 726 1447 812 -ΜᾸ-

124 859 180 923 per
199 859 289 902 suam
311 836 524 901 infirmitatem
548 837 709 924 cognoscit
728 836 874 902 virtutem
897 837 967 902 Dei.
1015 837 1283 918 Quemadmodum

124 940 208 1005 enim
234 940 393 1005 didicisset
418 939 523 1017 homo,
547 939 694 1026 quoniam
716 939 783 1026 ipse
808 940 935 1025 quidem
957 940 1098 1005 infirmus
1121 948 1153 1005 et
1173 947 1284 1005 natura

125 1043 275 1123 mortalis,
300 1042 389 1108 Deus
410 1050 517 1108 autem
538 1041 721 1108 immortalis
741 1050 773 1107 et
794 1051 916 1129 potens,
937 1043 997 1107 nisi
1019 1043 1052 1108 id
1075 1044 1159 1129 quod
1179 1052 1228 1108 est
1250 1043 1283 1127 in

126 1156 265 1231 utroque,
278 1145 438 1211 didicisset
452 1144 685 1231 experimento?
715 1145 812 1210 Suam
823 1145 907 1210 enim
919 1145 1132 1211 infirmitatem
1148 1146 1282 1212 ¹discere

125 1270 181 1335 per
200 1249 433 1327 sustinentiam,
457 1248 533 1312 nihil
554 1258 603 1313 est
625 1247 759 1312 malum:
788 1248 889 1336 magis
911 1257 1017 1314 autem
1040 1257 1073 1314 et
1094 1251 1211 1315 bonum
1233 1256 1282 1315 est

125 1374 187 1416 non
205 1353 347 1416 aberrare
365 1351 397 1414 in
417 1359 528 1415 natura
548 1356 632 1415 2ειιιι.
666 1350 804 1416 ³Extolli
823 1359 930 1416 autem
949 1352 1097 1417 adversus
1117 1353 1232 1430 Deum,
1249 1360 1283 1417 et

125 1455 376 1540 praesumtionem
391 1459 472 1519 ⁴suae
487 1453 593 1541 gloriae
609 1475 778 1533 assumere,
794 1455 951 1541 ingratum
968 1455 1100 1520 reddens
1114 1455 1282 1532 bominem,

125 1557 257 1620 multum
275 1556 348 1620 mali
369 1555 521 1622 inferebat
542 1556 645 1635 ei,⁵ut
664 1578 722 1621 nec
742 1557 905 1621 veritatem
924 1556 1016 1621 simul
1034 1566 1067 1622 et
1085 1556 1282 1623 dilectionem

125 1661 259 1725 auferret
278 1662 319 1724 ab
334 1683 382 1738 eo,
398 1669 431 1725 et
451 1682 521 1725 eam
537 1681 607 1746 quae
625 1669 675 1724 est
692 1660 820 1724 adeum
837 1659 889 1746 qui
905 1660 979 1724 fecit
994 1682 1077 1725 eum.
1115 1658 1282 1726 Utromm-

125 1785 186 1848 que
200 1768 322 1828 ⁶autem
336 1763 529 1848 experientia
546 1784 649 1828 veram
666 1770 801 1848 quaeest
819 1763 858 1827 de
874 1763 944 1827 Deo
959 1771 991 1828 et
1010 1763 1135 1829 homine
1149 1765 1284 1851 agnitio·

126 1890 197 1931 uem
213 1867 326 1930 indidit
340 1867 385 1941 ei;
402 1873 434 1931 et
448 1866 537 1930 auxit
554 1869 622 1953 ejus
636 1887 712 1951 erga
731 1865 834 1929 Deum
850 1865 1056 1931 dilectionem.
1096 1865 1162 1931 Ubi
1177 1876 1283 1936 autem

125 1979 328 2057 augmentum
343 1979 391 2036 est
413 1970 598 2049 dilectionis,
619 1969 662 2034 ibi
679 1969 779 2056 major
797 1969 897 2056 gloria
917 1969 978 2034 Dei
998 1969 1112 2035 virtute
1127 1972 1284 2056 perficitur

128 2073 179 2138 his
194 2073 246 2159 qui
262 2073 396 2160 diligunt
412 2095 494 2139 oum.

193 2179 223 2240 2.
260 2175 413 2239 Relntant
441 2173 554 2261 ⁷igitur
580 2173 753 2259 potentiam
783 2172 855 2251 Dei,
886 2181 919 2239 et
944 2195 1007 2238 non
1036 2175 1285 2261 contemplantur

127 2280 210 2366 quod
224 2287 273 2343 est
287 2279 444 2356 ⁸verbum,
461 2278 513 2364 qui
529 2276 741 2341 infirmitatem
756 2276 915 2341 intuentur
933 2276 1045 2355 carnis,
1063 2279 1209 2343 virtutem
1229 2300 1284 2343 au·

126 2391 192 2448 tem
206 2383 274 2468 ejus
288 2383 340 2470 qui
355 2383 486 2447 suscitat
500 2403 571 2446 earn
585 2403 605 2446 a
620 2381 759 2459 mortuis,
774 2402 836 2444 non
851 2381 1112 2467 contemplantur.
1150 2383 1185 2447 Si
1200 2382 1283 2448 enim
1358 2450 1360 2452 ,

128 2561 177 2631 Εἰ
197 2559 264 2659 γὰρ
283 2558 325 2631 τὸ
344 2557 463 2641 θνητὸν
484 2559 521 2629 οὗ
546 2557 709 2659 ζωοποιεῖ,
728 2557 782 2628 καὶ
804 2557 847 2630 τὸ
867 2558 1025 2658 φθαρτὸν
1041 2560 1085 2642 μὴ
1103 2558 1219 2651 α’νιίγει
1240 2563 1284 2637 εἰς
1298 2595 1387 2680 prior..

130 2674 336 2773 ἀφθαρσίαν,
370 2673 424 2743 οὐκ
461 2672 535 2742 ἔστι
567 2669 702 2748 δυνατὸς
732 2672 750 2741 ὁ
781 2670 875 2747 Geta
929 2670 1032 2740 Ἀλλ’
1060 2673 1114 2743 ὅτι
1147 2670 1283 2750 δυνατός
1297 2652 1434 2727 Pffillffl·

129 2789 221 2858 ἐστιν
243 2788 276 2856 ἐν
301 2795 373 2862 τοῖς
394 2784 561 2860 τοιούτοις
591 2786 704 2867 πᾶσιν,
735 2784 769 2852 ἐκ
800 2787 859 2866 τῆς
888 2785 993 2881 ἀρχῆς
1023 2787 1110 2866 ἡμῶν
1142 2796 1283 2856 συννοεῖν

130 2899 322 2999 ὀφείλομεν·
355 2900 409 2969 ὅτι
438 2897 555 2985 λαβεῖν
586 2895 710 2980 ὁθεός
733 2902 813 2992 χοῦν
844 2895 914 2967 dud
940 2904 997 2979 τῆς
1027 2905 1095 2988 γῆς,
1131 2899 1285 2980 ἐποίησεν

128 3094 257 3161 mortale
272 3117 334 3160 non
348 3094 492 3171 vivificat,
505 3102 537 3158 et
549 3093 748 3179 corruptibile
762 3114 824 3158 non
840 3101 964 3158 revocat
979 3094 1020 3158 ad
1034 3092 1283 3180 incorruptelam,

123 3198 191 3283 jam
211 3221 272 3263 non
287 3206 398 3282 potens
413 3201 483 3261 ⁹est
504 3197 602 3262 Deus.
640 3197 702 3261 Sed
722 3197 868 3282 quoniam
883 3205 994 3283 potens
1013 3205 1061 3262 est
1082 3198 1114 3261 in
1131 3199 1201 3264 ⁰his
1219 3222 1285 3265 om-

127 3300 228 3377 nibus,
253 3301 292 3364 de
319 3299 407 3364 initio
435 3307 542 3364 nostro
572 3298 773 3384 contemplari
800 3299 966 3365 debemus:
1000 3301 1146 3386 quoniam
1172 3302 1284 3365 sumsit

129 3403 216 3468 Deus
237 3404 345 3467 limum
368 3404 406 3467 de
428 3413 522 3480 terra,
545 3410 578 3467 et
598 3402 743 3467 formavit
764 3401 931 3468 bominem.
971 3403 1016 3467 Et
1039 3405 1164 3488 quidem
1186 3404 1285 3469 multo

177 3590 186 3620 ¹
203 3590 302 3649 discere,
320 3591 348 3638 τὸ
363 3591 413 3652 γὰρ
426 3591 510 3647 μαθεῖν
523 3589 552 3637 δι’
566 3590 683 3648 ὑπομονῆς
733 3588 841 3652 imagine
852 3589 895 3637 tbe
910 3590 988 3638 scribe
1005 3595 1032 3637 to
1049 3590 1112 3637 have
1128 3589 1216 3653 salsely
1226 3590 1285 3638 read

128 3673 172 3732 τὴν
183 3674 244 3721 ἰδίαν
255 3672 387 3731 decocto,
401 3673 467 3720 οὐδὲν
479 3671 558 3719 κακόν.
733 3670 874 3731 ἀπολαβεῖν,
894 3671 937 3719 the
948 3670 1028 3717 words
1040 3670 1121 3717 would
1133 3686 1231 3732 express
1242 3670 1285 3718 the

177 3753 188 3784 ¹
203 3769 260 3802 ιιια.
273 3791 278 3802 ,
289 3789 294 3801 .
305 3752 517 3814 ,mundiorem
535 3751 639 3799 omitted
656 3750 681 3798 in
732 3751 822 3811 Greek,
833 3751 895 3800 ὥστε
903 3752 1036 3813 ἀποβαλεῖν
1044 3752 1164 3809 αὑτὸντὴν
1172 3751 1286 3809 ἀλήθειαν

129 3835 172 3882 tbe
184 3833 284 3883 Curru.
298 3850 370 3897 copy,
380 3834 464 3895 owing
474 3838 501 3881 to
512 3847 562 3880 ειισ
573 3832 683 3880 immsdi·
733 3834 773 3880 καὶ
790 3835 834 3891 τὴν
853 3834 953 3893 ἀγανὴν
971 3831 1011 3892 ἀφ’
1030 3832 1110 3890 αὑτοῦ,
1131 3833 1175 3889 τὴν
1194 3836 1226 3880 ets
1243 3833 1286 3880 τὸν

128 3916 195 3980 ately
205 3917 339 3979 following.
732 3916 849 3962 κτίσαντα
866 3915 946 3962 αὐτόν.
981 3912 1050 3960 Here
1066 3913 1117 3960 also
1134 3913 1176 3961 the
1193 3919 1214 3961 st
1230 3929 1287 3961 con·

178 3997 188 4029 ³
204 3997 292 4058 motti,
317 3999 346 4045 rb
369 3998 395 4046 δὲ
412 3997 544 4058 ἐπαρθῆναι
561 3996 625 4045 κατὰ
641 3996 683 4043 τὸν
732 3994 837 4043 demned
848 3995 882 4058 by
889 3995 983 4042 Garun
993 3995 1013 4041 is
1025 3993 1179 4057 suppressed,
1188 3994 1285 4058 though

130 4080 196 4128 θεόν.
632 4082 637 4090 “
733 4076 772 4123 καῖ
783 4075 804 4122 is
816 4080 860 4122 not
871 4075 941 4138 quite
952 4073 1128 4123 inadmissible.

178 4160 188 4191 ⁴
200 4163 245 4220 τὴν
256 4163 300 4220 τῆς
312 4160 371 4210 ἰδίας
382 4160 450 4219 δόξης
462 4159 608 4221 προαίρεσιν.
782 4155 793 4187 ⁰
810 4157 910 4205 Obana.
923 4155 994 4203 enim.

176 4242 230 4290 lut
245 4258 288 4292 ιιοα
303 4243 431 4291 commeta.
455 4241 534 4288 There
548 4241 614 4288 isno
625 4239 682 4304 help
781 4239 999 4300 7παραπῖμπουσι
1024 4239 1138 4302 perhaps,
1167 4255 1194 4287 as
1216 4251 1235 4288 1.
1263 4254 1283 4299 ι,

129 4324 168 4372 for
179 4325 198 4373 it
209 4325 373 4388 buttoprint
385 4324 427 4372 the
436 4338 539 4386 passage
551 4321 683 4384 according
732 4322 783 4370 and
795 4334 823 4369 11.
838 4318 876 4382 76,
893 4331 923 4381 7;
940 4321 977 4380 78,
993 4334 1014 4368 ι.
1049 4321 1100 4367 As.
1114 4319 1188 4370 enim.

129 4411 156 4453 to
166 4407 209 4455 the
221 4405 297 4454 MSS.
333 4406 428 4454 Graan
439 4404 534 4451 cancels
545 4419 587 4452 nec
597 4403 648 4451 ond
662 4409 683 4450 et
782 4401 793 4435 ⁸
810 4402 920 4461 cassu,
929 4400 1021 4462 Voss,
1031 4400 1108 4462 Vua,
1121 4401 1168 4451 but
1178 4402 1286 4452 Annus.

130 4489 194 4537 alter
209 4504 242 4548 eo,
260 4489 310 4537 and
327 4487 366 4536 sor
381 4487 416 4535 ad
432 4502 486 4535 eum
500 4487 532 4535 bo
553 4485 625 4534 reads
647 4483 683 4532 od
732 4499 822 4533 mum.

131 4567 218 4618 Deum.
253 4568 306 4618 But
317 4568 339 4616 if
350 4569 389 4617 lor
399 4583 441 4616 ιιιο
453 4582 489 4615 we
500 4567 560 4616 read
570 4565 618 4627 tio,
632 4565 683 4614 sud
781 4565 792 4598 ⁰
809 4571 848 4625 cst,
860 4563 906 4624 tta,
920 4563 1025 4614 omitted
1036 4564 1062 4613 in
1074 4565 1117 4614 the
1128 4566 1228 4616 Ossan.
