3000 4994
560 366 667 418 vrum
693 366 842 420 uranus.
1223 352 1289 418 345

137 514 231 580 dente
245 515 366 600 spiritu,
382 516 642 603 quemadmodum
663 516 950 583 demonstravimus.
997 517 1193 582 Haereditate
1208 519 1291 584 enim
1335 544 1388 585 ma.
1397 546 1422 586 v.

136 617 274 701 possidet
288 617 339 682 ille
353 619 407 702 qui
421 618 506 696 vivit,
521 619 719 684 ¹haereditate
733 628 838 683 autem
853 619 1024 705 aequiritur
1038 641 1121 684 care.
1164 619 1214 685 Ut
1229 642 1291 685 non
1320 592 1442 726 31?st

135 718 315 784 amittentes
344 742 416 784 eum
445 722 498 808 qui
528 743 585 786 uos
614 721 751 806 possidet
782 721 943 806 Spiritum,
970 722 1151 787 amittamus
1184 721 1290 801 vitam,
1352 716 1435 771 Μ’

134 821 304 886 adhortans
321 843 378 887 uos
394 822 567 909 Apostolus
578 824 618 887 ad
634 823 770 907 Spiritus
783 824 1105 902 communicationem,
1121 824 1291 890 seeundum
1305 806 1450 817 '‘-

135 923 287 988 rationem
303 946 373 1010 quae
391 926 540 1011 praedieta
554 934 629 991 sunt
644 926 741 991 dixit:
769 927 919 1005 Quoniam
941 949 1013 991 earo
1034 939 1062 993 et
1079 929 1204 1014 sanquis
1225 950 1290 1015 rep-

136 1020 213 1087 num
232 1026 297 1090 Dei
314 1028 471 1111 possidere
492 1049 551 1092 non
566 1037 705 1113 possunt.
743 1027 842 1092 Velut
863 1027 891 1092 si
914 1028 1017 1093 dieat:
1039 1029 1145 1093 Nolite
1165 1051 1288 1105 errare;

136 1127 280 1211 quoniam
295 1129 356 1194 nisi
374 1128 514 1196 Verbum
536 1131 598 1196 Dei
619 1131 849 1206 inhabitaverit,
868 1140 901 1197 et
920 1131 1056 1218 Spiritus
1072 1132 1177 1196 Patris
1197 1133 1291 1198 luerit

137 1229 170 1293 in
184 1231 280 1307 vobis,
300 1253 377 1297 vane
391 1243 497 1299 autem
508 1243 540 1299 et
551 1235 658 1321 'prout
673 1234 776 1299 evenit
788 1236 961 1300 conversati
981 1235 1110 1313 fueritis,
1127 1236 1215 1321 quasi
1230 1237 1290 1302 hoe

137 1341 270 1412 tantum,
295 1357 367 1401 earo
392 1345 425 1402 et
448 1337 576 1424 sanguis
599 1337 796 1418 exsistentes,
822 1360 952 1426 regnum
968 1338 1027 1404 Dei
1048 1338 1205 1426 possidere
1227 1360 1290 1404 nou

136 1434 287 1519 poteritis.
301 1501 304 1507 ,

629 1750 729 1817 ΟΑΡ.
755 1752 803 1816 X.

136 1903 344 2001 Superiora
367 1905 503 2004 probat
524 1906 764 1982 similitudine
789 1905 903 1980 dueta
929 1907 976 1981 ab
1003 1907 1164 2000 oleastro,
1191 1908 1292 2006 eujus

211 2022 371 2120 qualitas
400 2038 650 2118 tautameos
682 2039 819 2100 natura
848 2052 918 2124 per
942 2024 1149 2100 insitionem
1173 2039 1291 2100 muta-

213 2154 297 2218 tur:
344 2143 497 2218 ostendit
536 2171 674 2244 quoqne
706 2143 888 2219 hominem
921 2144 999 2219 siue
1031 2144 1190 2244 Spiritu,
1226 2171 1291 2220 nee

202 2260 353 2356 fruetus
370 2259 484 2354 edere,
504 2287 569 2337 neo
585 2263 754 2361 Repnum
772 2261 850 2336 Dei
859 2261 1048 2360 possidere
1063 2287 1175 2360 posse.

39 2449 70 2489 u.
80 2451 122 2490 ³0⁴.
138 2434 168 2498 l.
209 2433 302 2498 3Ηοο
319 2433 400 2512 ideo,
415 2434 462 2498 uti
477 2456 540 2499 non
558 2434 771 2522 gratificantes
784 2434 879 2512 carui,
895 2455 1077 2517 respuamus
1090 2432 1288 2498 insertionem
1303 2459 1432 2506 nonan

138 2537 284 2622 Spiritus.
331 2538 380 2603 Tu
397 2548 499 2603 autem
521 2539 656 2617 oleaster,
678 2539 734 2616 ait,
755 2560 823 2602 aum
842 2560 924 2616 euos,
940 2539 1070 2602 insertus
1090 2559 1119 2601 es
1133 2539 1167 2600 in
1182 2537 1289 2602 donam
1301 2509 1360 2546 Μ’

136 2640 257 2720 olivam,
286 2651 314 2706 et
340 2642 436 2706 socius
457 2642 660 2729 pinpuedinis
688 2641 777 2706 olion
797 2642 906 2725 saatna
935 2663 974 2706 as.
1019 2640 1289 2723 Quemadmodum

137 2739 232 2828 igitur
246 2744 380 2808 oleaster
398 2743 525 2820 inserta,
548 2743 576 2807 si
598 2743 859 2829 ⁴perseveraverit
877 2742 909 2805 in
927 2763 964 2806 eo
982 2742 1065 2829 quod
1088 2750 1162 2806 ante
1184 2741 1287 2820 fuerit,

136 2845 278 2925 oleaster,
295 2847 447 2912 auaiditur
462 2857 490 2912 et
510 2848 544 2910 in
565 2847 665 2934 ipnem
679 2847 829 2911 mittitur:
853 2845 880 2910 si
896 2853 1001 2910 autem
1017 2845 1154 2910 tenuerit
1175 2843 1287 2909 ⁶iuser-
1302 2871 1362 2913 noa
1371 2873 1407 2913 vn.
1418 2875 1446 2914 n.

135 2948 262 3028 tionem,
286 2959 319 3015 et
345 2958 572 3015 transmutetur
596 2949 629 3013 in
654 2950 768 3014 bonam
794 2948 917 3025 olivam,
942 2947 1023 3013 oliva
1051 2948 1088 3011 fit
1117 2945 1286 3026 fructifera,

136 3052 224 3139 quasi
251 3053 282 3116 in
305 3052 448 3138 paradiso
470 3053 553 3139 regis
575 3052 730 3138 plantata:
754 3051 801 3116 sie
820 3059 853 3116 et
872 3049 1023 3127 homiues,
1039 3049 1066 3113 si
1087 3048 1211 3135 quidem
1232 3071 1288 3135 per

135 3155 227 3219 lidem
243 3155 431 3241 profecerint
446 3155 478 3219 in
494 3155 614 3232 melius,
625 3163 658 3220 et
672 3153 875 3218 assumserint
888 3151 1040 3236 Spiritum
1052 3151 1124 3230 Dei,
1140 3155 1191 3215 6et
1206 3150 1288 3216 illius

134 3256 404 3322 fructificationem
422 3256 673 3343 germinaverint,
693 3263 784 3320 erunt
803 3254 967 3341 spiritales,
983 3261 1132 3342 tanquam
1150 3252 1182 3316 in
1199 3274 1287 3337 para·

134 3358 202 3423 diso
224 3358 286 3423 Dei
304 3358 446 3444 plantati.
494 3359 527 3424 si
550 3367 656 3424 autem
678 3359 851 3444 respuerint
874 3355 1035 3440 Spiritum,
1058 3363 1091 3420 et
1113 3376 1286 3440 persevera-

134 3462 233 3528 verint
251 3463 283 3527 in
305 3485 343 3528 eo
366 3462 448 3548 quod
470 3464 593 3527 fuerant
614 3470 697 3540 ante,
717 3461 818 3548 magis
835 3461 937 3527 earnis
958 3482 1027 3526 esse
1041 3459 1179 3525 volentes
1193 3447 1287 3544 quam

135 3563 279 3649 Spiritus,
292 3565 467 3651 justissime
488 3565 520 3629 in
538 3565 690 3652 ejusmodi
711 3565 836 3644 dieitur,
859 3565 1002 3650 quoniam
1022 3585 1096 3627 auro
1116 3571 1144 3627 et
1162 3563 1287 3648 aanpuis
1301 3586 1363 3627 1001.
1374 3598 1409 3627 xv.
1417 3589 1448 3629 n.

132 3666 271 3752 Itepnum
299 3668 364 3733 Dei
392 3689 452 3732 nou
474 3667 651 3754 possident:
685 3676 834 3753 tauquam
863 3667 890 3731 si
919 3666 988 3753 quis
1014 3666 1108 3742 dieat,
1139 3665 1286 3751 quoniam

132 3770 265 3837 oleaster
293 3794 356 3837 uon
384 3772 555 3837 assumitur
584 3771 616 3835 in
646 3771 825 3856 paradisum
852 3769 923 3835 Dei.
971 3767 1160 3833 Mirabiliter
1190 3766 1286 3852 igitur

132 3875 306 3961 Apostolus
326 3882 469 3939 naturam
487 3874 623 3939 ostendit
644 3881 792 3951 nostram,
809 3881 841 3937 et
858 3871 1033 3936 universam
1049 3868 1283 3953 dispositionem

132 3977 193 4042 Dei
208 3977 240 4041 in
255 3999 292 4042 eo
307 3998 448 4042 sermone
463 3977 515 4062 qui
531 3985 579 4042 est
593 3977 633 4041 de
647 3998 739 4042 carne
748 3983 781 4040 et
795 3972 946 4060 sauguine
961 3978 993 4037 et
1008 3971 1150 4036 oleastro.

179 4165 341 4216 ¹lioereditate
351 4175 438 4216 autem
473 4167 517 4215 (lu.
531 4167 621 4230 simply
636 4164 682 4213 ta·
731 4162 795 4211 aurit.

129 4247 261 4309 ruditatem,
275 4249 309 4313 by
320 4250 473 4314 absorptiou.
780 4240 969 4301 timerium,
990 4242 1032 4291 the
1056 4241 1156 4290 Cannu.
1180 4241 1283 4306 reading

178 4328 190 4360 '
207 4332 334 4392 τυχόντως.
731 4328 854 4376 autunum
861 4324 975 4388 repeated
983 4325 1059 4373 lower
1065 4323 1146 4385 down,
1156 4324 1283 4391 inequally

179 4410 190 4442 ³
207 4411 323 4472 derideo,
337 4412 390 4474 (ait)
404 4428 437 4460 sc.
731 4424 763 4456 an
775 4423 843 4456 error
854 4407 882 4455 of
891 4405 1072 4454 inadvertenoe.

179 4492 396 4556 ‘perseuerauerit
430 4494 464 4543 So
481 4494 524 4542 tho
540 4493 595 4553 (lu,
618 4493 679 4552 As„
780 4488 848 4537 ⁶rud
869 4488 914 4547 τὴν
936 4489 1010 4536 αὐτοῦ
1031 4488 1195 4550 καρποφορίαν
1211 4490 1283 4551 ἐβλά-

129 4573 210 4624 Voss.
220 4577 269 4624 ond
282 4576 370 4624 Manu.
383 4588 414 4624 11.
428 4575 515 4632 MSS.;
527 4573 558 4622 nl.
569 4587 681 4636 parnen-
732 4587 833 4630 στησαν.
