3000 4994
543 339 819 393 resurrroururu.
1216 328 1260 392 33

101 486 246 573 ylariosos
260 497 362 555 terroe.
407 489 452 555 Et
467 490 580 556 iterum
594 491 660 577 ipse
676 491 789 557 Esaias
803 492 981 558 unctionem
996 493 1073 580 ejus,
1088 502 1121 560 et
1135 502 1263 582 propter
1286 519 1386 561 maru.
1397 532 1419 561 x.

105 592 179 679 quid
198 601 312 659 unctus
332 603 391 671 est,
410 595 653 682 praesignificans
672 596 737 660 ait:
761 597 902 682 Spiritus
921 598 984 662 Dei
1000 619 1092 683 snper
1109 620 1163 678 me,
1186 622 1261 685 qna·
1286 567 1414 699 ῗῗζέὲζίῐῖ

98 707 229 784 propter
243 700 333 764 nnmt
346 722 403 778 mr,
419 700 626 788 coanpelisarc
640 701 822 766 ¹lcnmilidns
840 702 925 766 misit
941 725 997 781 me,
1016 725 1127 768 cnrarc
1142 706 1260 770 commi·

104 811 191 866 natos
205 802 302 879 corde,
317 786 498 889 praconare
514 805 646 890 captivis
663 805 874 883 remissionem,
893 814 921 869 et
939 807 1025 870 came
1044 808 1196 885 cesinam,
1212 831 1261 873 oo
1273 779 1392 875 nidmu

104 927 176 971 care
194 927 309 970 annum
330 907 459 971 Domini
481 906 704 992 acceptabilem,
725 918 754 972 et
773 908 853 972 dian
874 907 1091 986 retributionis,
1112 911 1262 976 consolari

104 1030 204 1073 manes
218 1009 408 1095 plcrnpcntes.
454 1011 537 1075 Nam
556 1011 726 1076 secundum
749 1011 781 1074 id
802 1012 885 1098 quod
909 1012 1051 1077 Verbum
1077 1012 1139 1078 Dei
1167 1013 1261 1080 homo

103 1119 171 1177 crat
190 1133 229 1176 ex
244 1113 348 1178 radice
367 1114 392 1177 J
393 1135 473 1189 csse,
490 1122 523 1179 et
535 1114 616 1179 filius
628 1115 777 1191 Abrahae,
793 1115 962 1180 secundum
974 1115 1035 1180 hoc
1049 1115 1262 1202 requiescebat

105 1215 241 1300 Spiritus
261 1216 323 1281 Dei
342 1239 435 1302 super
454 1239 536 1296 eum,
557 1227 590 1283 et
612 1219 786 1305 ungebatur
806 1219 846 1282 ad
868 1218 1140 1305 evangelisandum
1159 1220 1259 1284 hurni-

104 1319 195 1384 libus.
239 1320 416 1386 Secundum
434 1329 540 1386 autem
555 1322 637 1408 quod
658 1322 746 1387 Deus
766 1330 842 1400 erat,
863 1344 925 1386 uon
940 1325 1109 1387 secundum
1129 1323 1260 1410 gloriam

100 1421 272 1506 judicabat,
288 1444 389 1509 neque
403 1425 573 1488 secundum
587 1423 740 1511 loquelam
755 1425 921 1511 arguebat:
938 1446 997 1488 non
1011 1426 1091 1488 enim
1105 1448 1179 1510 opns
1193 1437 1261 1491 erat
1272 1451 1321 1491 ros.
1330 1451 1352 1490 ιι.
1361 1455 1394 1492 ss.

103 1524 165 1602 illi,
182 1535 215 1589 at
232 1527 301 1611 qais
315 1527 361 1591 ²oi
375 1527 574 1591 testimoninm
593 1528 704 1592 diceret
724 1527 762 1592 de
776 1527 901 1606 lomina,
916 1529 1062 1613 cumipse
1079 1530 1170 1593 sciret
1183 1530 1262 1615 qnid

104 1638 175 1693 esset
193 1629 227 1692 in
242 1630 367 1694 immine.
405 1629 589 1694 Advocabat
608 1639 714 1694 autem
729 1652 836 1695 omnes
851 1631 992 1695 homines
1011 1631 1205 1718 plangentes,
1226 1639 1260 1697 et

103 1731 316 1797 remissionem
342 1732 391 1797 his
419 1733 472 1820 qui
497 1753 517 1796 a
545 1732 683 1819 peccatis
712 1733 744 1797 in
773 1732 986 1819 captivitatem
1020 1734 1143 1798 deducti
1170 1741 1259 1799 eraut

104 1836 233 1914 domne,
254 1835 393 1901 solvebat
410 1858 464 1902 eos
483 1858 504 1900 a
523 1836 662 1915 vinculis,
682 1836 849 1924 dequibus
868 1837 913 1901 ait
931 1836 1094 1902 Salomon:
1119 1835 1260 1902 Restiins
1274 1852 1400 1903 nonna.

103 1947 206 2002 autem
215 1948 409 2023 peccatorum
422 1959 544 2002 scoram
558 1940 760 2026 nnmqnisqne
774 1940 1000 2025 constrinpitnr.
1036 1939 1170 2025 Spiritus
1185 1962 1259 2026 ergo

104 2040 165 2107 Dei
176 2041 338 2107 descendit
348 2042 382 2106 in
395 2064 477 2122 eum,
485 2043 572 2128 ³ejus
586 2041 638 2129 qui
649 2063 705 2129 per
718 2041 885 2128 prophetas
899 2040 1082 2127 promiserat
1094 2050 1260 2106 uncturum

104 2165 138 2210 se
156 2167 239 2225 euru,
263 2152 299 2210 ut
320 2146 359 2211 de
379 2146 570 2210 abundantia
591 2146 748 2211 unctionis
769 2148 837 2234 ejus
855 2167 913 2211 nos
933 2144 1140 2232 percipientes
1160 2145 1258 2212 salva·

103 2269 216 2315 remur.
256 2248 302 2314 Et
315 2249 360 2314 sic
375 2248 499 2336 quidem
516 2249 702 2315 Matthaeus.

586 2539 686 2606 OAP.
712 2541 778 2606 XI.

128 2699 293 2775 Ostensio
313 2697 409 2799 qnod
432 2724 545 2798 neque
560 2698 687 2797 plara,
716 2724 781 2772 nec
804 2695 924 2770 minas
944 2721 1056 2795 qnam
1077 2710 1233 2795 quattuor

435 2829 586 2916 possiunt
609 2841 680 2890 esse
702 2813 917 2913 Eaanpelia.

167 3002 198 3062 l.
245 2998 358 3061 Lucas
387 3005 492 3062 autem
521 3005 667 3077 sectator,
697 3005 730 3063 et
757 2998 926 3084 discipulus
955 2996 1189 3082 Apostolorum,
1217 2996 1255 3060 de

99 3103 265 3178 Zacharia,
286 3111 318 3167 et
337 3100 509 3180 Elisabeth,
530 3101 697 3187 exquibus
713 3101 882 3166 secundum
901 3100 1170 3187 repromissionem
1194 3099 1255 3163 Dei

99 3206 123 3270 J
125 3206 265 3272 ohannes
286 3212 380 3269 natus
401 3212 459 3283 est,
478 3205 613 3269 referens
634 3204 697 3269 ait:
728 3205 833 3268 Erant
855 3213 955 3268 antem
973 3203 1055 3288 justi
1078 3202 1164 3267 ambo
1186 3212 1256 3267 anto
1268 3220 1366 3261 rusia

98 3309 211 3386 Deum,
234 3307 403 3373 incedentes
428 3309 464 3371 in
485 3306 621 3372 omnibns
642 3308 798 3372 mandatis
822 3318 851 3373 et
877 3308 1011 3393 jactitiis
1036 3307 1166 3370 Domini
1189 3307 1255 3370 sine

97 3412 231 3499 querela.
277 3411 321 3476 Et
339 3411 452 3476 iterum
473 3412 512 3476 de
527 3411 682 3475 Zacharia
700 3411 824 3476 dicens:
845 3413 978 3476 Factam
998 3420 1041 3475 est
1059 3419 1170 3488 antem,
1186 3432 1254 3473 cnm
1267 3431 1408 3482 ruera-«1.

95 3516 269 3582 sacerdotio
288 3515 479 3602 snnperotnr
499 3515 534 3579 in
556 3515 663 3579 ardicio
685 3513 761 3579 oicis
781 3535 844 3577 erra
866 3523 937 3578 ante
958 3512 1068 3590 Deum,
1091 3513 1254 3577 secundnm

96 3619 342 3685 manandinom
355 3618 528 3696 sacerdotii,
543 3627 621 3682 sorte
635 3619 730 3683 enioit
744 3626 779 3682 nt
791 3618 943 3683 insomnem
952 3625 1088 3702 poneret,
1104 3620 1155 3681 ⁴et
1169 3615 1254 3680 venit

146 3818 314 3868 llrnmitilus.
361 3817 414 3865 The
446 3816 534 3866 LXX.
564 3817 652 3866 render
699 3835 751 3883 a130
778 3833 906 3898 express&
929 3834 953 3881 in
977 3833 1020 3881 the
1043 3832 1129 3896 syrim
1148 3798 1253 3890 ΔΙ)

96 3898 651 3977 ῦξῖξὶζῖιγπτωχοῑς,ι1ιοοὺὶιετθιοεῙιὶηιιιι-
1039 3911 1111 3989 σὺ
1139 3876 1252 3988 ’σω-ἰ

95 3984 173 4033 latore
187 3985 238 4038 Ao.
257 3983 358 4031 Tarson.
378 3981 427 4029 and
440 3980 605 4029 Srrrrraorrus
618 3980 652 4044 by
1027 3970 1036 3988 ’
1140 3989 1149 4005 ·

95 4067 226 4125 ταπεινοῖς,
250 4065 294 4113 the
318 4062 422 4126 reading
446 4062 504 4110 here
528 4061 648 4110 followed.
749 4059 896 4108 ³Irestore
907 4059 950 4107 the
960 4063 1015 4106 text
1026 4058 1091 4105 alter
1102 4057 1250 4105 shocrrnu.

95 4150 136 4197 As
152 4148 248 4198 Garun
265 4145 383 4204 remarks,
403 4146 445 4194 the
461 4159 528 4192 same
545 4144 614 4192 word
630 4144 651 4192 is
699 4159 771 4207 copy,
784 4144 828 4191 the
847 4142 904 4204 only
921 4139 1043 4188 variation
1061 4139 1142 4201 being,
1159 4139 1216 4187 that
1231 4139 1253 4187 it

95 4230 175 4279 lound
193 4230 219 4278 in
237 4229 280 4277 the
298 4227 345 4291 Ep.
364 4226 393 4275 ol
412 4226 568 4285 smarnos,
583 4226 648 4285 514,
700 4226 744 4274 has
760 4241 790 4274 en
806 4241 833 4274 as
845 4241 875 4273 an
889 4223 1016 4288 imperfect
1030 4221 1201 4271 abbreviation
1214 4221 1254 4270 lor

95 4313 178 4361 where
188 4312 232 4361 the
243 4309 442 4372 textisquoted.
699 4308 754 4370 ejrm
791 4307 844 4354 The
858 4305 930 4354 usual
947 4304 1049 4368 remling
1064 4304 1085 4352 is
1100 4303 1253 4366 inrpractica

144 4392 157 4425 ¹
172 4393 195 4443 ei
209 4394 230 4442 is
245 4391 355 4441 restored
368 4396 395 4439 to
408 4391 451 4439 the
464 4394 526 4450 text,
543 4389 582 4437 lor
596 4377 617 4437 ih
630 4391 651 4438 is
699 4388 751 4437 hls:
769 4389 818 4450 ejrrs
829 4386 871 4449 qni
882 4402 945 4436 acm.

95 4475 174 4525 louud
186 4476 212 4524 in
223 4475 267 4524 the
279 4473 379 4522 Ourna.
393 4488 464 4536 copy,
477 4471 527 4519 arrd
538 4486 566 4518 as
578 4470 650 4518 Srrrr·
748 4466 760 4498 ⁴
776 4474 797 4515 ot
812 4467 874 4514 crnit
890 4467 928 4514 nti
945 4466 1098 4528 sacrificaret,
1115 4466 1194 4514 either
1210 4467 1252 4514 tha

95 4570 150 4607 m
171 4574 237 4623 says,
259 4557 285 4604 iu
307 4556 350 4605 thu
373 4555 451 4603 Voss,
476 4552 533 4601 MS.
579 4552 606 4600 It
630 4553 651 4600 is
700 4549 876 4613 interpolation
892 4550 921 4597 of
935 4550 1119 4598 uninaccurate
1131 4563 1250 4611 memory,

197 4665 273 4710 voa.
292 4664 325 4707 rr.
1129 4634 1151 4697 3
