3000 4994
576 372 872 427 consonamus.
1233 359 1300 429 275

57 552 124 593 assa
146 530 237 589 extra
254 524 400 590 Pleroma
417 525 573 592 exsistens
593 533 704 605 mater,
724 526 845 613 peperit
863 526 924 591 hoo
946 525 1050 611 ipsum
1068 547 1192 602 semem
1219 527 1301 612 quod
1337 546 1440 634 alippa

146 635 254 691 autem
283 636 374 692 extra
398 627 544 693 Pleroma
565 637 624 706 est,
651 636 742 694 extra
765 628 958 716 agnitionem
983 649 1052 693 esse
1078 629 1197 706 dicunt,
1219 629 1301 715 quod
1343 606 1436 725 ⁰¹}ssss

146 738 196 794 est
216 731 402 816 ignorantia.
440 733 603 813 Quomodo
625 732 720 820 igitur
741 733 784 811 id,
808 733 890 819 quod
911 739 980 797 erat
1001 733 1176 815 ignorantia
1195 754 1302 798 semen
1325 733 1406 819 “¹233
1415 732 1455 819 {J-

146 842 341 918 oouoeptum,
356 834 547 920 agnitionem
565 837 749 900 annuntiare
768 837 910 921 poterat?
951 837 1020 899 Aut
1040 836 1301 922 quemadmodum
1314 853 1465 864 ‘-

147 935 217 1020 ipsa
239 945 348 1014 mater,
373 960 411 1003 ea
430 960 500 1022 quae
525 947 615 1004 eraut
639 940 837 1018 Pleromatis,
864 940 1073 1027 cognoscebat
1095 947 1300 1016 sacramenta,

148 1039 289 1104 informis
302 1048 335 1104 et
346 1041 522 1127 infigurata,
539 1043 627 1127 quasi
641 1043 816 1108 abortivum
831 1043 970 1129 projecta
984 1042 1077 1119 foras,
1090 1051 1123 1107 et
1136 1042 1179 1105 ibi
1194 1050 1303 1127 aptata

148 1151 181 1207 et
203 1142 345 1221 formata,
370 1152 404 1208 et
425 1144 466 1208 ab
482 1144 581 1225 ,Horo
599 1145 757 1232 prohibita
778 1146 908 1211 interius
934 1145 1064 1232 ingredi,
1086 1152 1120 1210 et
1142 1144 1303 1231 usquead

147 1246 446 1311 consummationem
467 1255 558 1312 extra
578 1248 724 1313 Pleroma
744 1270 953 1333 perseverans,
976 1248 1008 1311 id
1029 1255 1088 1326 est,
1108 1254 1198 1313 extra
1215 1247 1302 1334 agni·

147 1346 286 1412 tionem?
321 1348 441 1413 Rursus
462 1358 568 1414 autem
591 1351 767 1436 passionem
788 1351 917 1415 Domini
941 1359 1051 1437 typum
1073 1372 1142 1415 esse
1163 1350 1303 1415 dicentes

57 1481 133 1526 ωῃ.
147 1450 338 1515 extensionis
364 1450 479 1517 Christi
513 1453 688 1537 superioris,
715 1458 826 1540 ¹quam
855 1461 1005 1518 extensus
1036 1451 1127 1525 Horo
1156 1449 1303 1516 formarit

148 1574 256 1617 eornm
281 1561 424 1635 matrem,
446 1556 479 1619 in
499 1555 625 1642 reliquis
642 1564 825 1644 arguuntur,
841 1558 909 1643 jam
933 1579 995 1622 non
1019 1556 1170 1622 habentes
1193 1554 1302 1620 simili·

148 1656 289 1722 tudinem
304 1659 388 1744 ²typi
403 1659 584 1725 ostendere:
616 1660 669 1724 ubi
685 1660 770 1725 enim
783 1682 906 1725 sursum
922 1659 1066 1725 Christus
1080 1667 1170 1724 aoeto
1184 1665 1218 1722 et
1231 1657 1301 1725 felle

148 1768 276 1844 potatus
290 1764 359 1826 esti
379 1771 436 1826 aut
449 1763 502 1827 ubi
517 1762 616 1829 divisa
630 1772 705 1829 sunt
719 1763 905 1829 vestimenta
920 1765 1008 1850 ejus!
1029 1771 1085 1828 aut
1099 1763 1152 1827 ubi
1167 1771 1302 1848 punctus

148 1872 206 1941 est,
222 1872 255 1929 et
271 1864 369 1930 exirit
387 1866 515 1954 sanguis
535 1874 568 1932 et
587 1871 689 1952 aquat
709 1876 766 1933 ant
785 1868 839 1933 ubi
857 1876 965 1955 guttas
984 1867 1146 1955 sanguinis
1159 1868 1301 1932 sudavit?

147 1975 180 2032 et
208 1967 326 2054 reliqua
355 1990 546 2054 quaecunque
575 1970 712 2036 Domino
735 1971 925 2049 aeciderunt,
955 1971 994 2036 de
1023 1970 1136 2058 quibus
1157 1970 1302 2035 dixerunt

146 2071 316 2156 prophetae.
349 2070 445 2136 Unde
460 2093 535 2158 ergo
549 2073 588 2138 de
603 2072 642 2137 iis
657 2095 726 2157 quae
741 2080 817 2138 tuno
833 2073 958 2157 quidem
972 2072 1110 2138 nondum
1124 2080 1300 2151 evenerant,

146 2173 355 2260 ⁸inoipiebant
368 2182 475 2239 autem
489 2175 621 2253 evenire,
639 2183 695 2241 aut
714 2183 825 2254 mater,
843 2183 899 2240 aut
913 2198 1020 2240 semen
1035 2176 1103 2261 ejus
1118 2175 1288 2240 divinavit?

208 2281 240 2341 4.
265 2277 380 2342 Adhuo
391 2276 485 2341 etiam
497 2299 589 2363 super
600 2278 669 2343 haeo
680 2279 788 2344 dieunt
799 2277 1206 2365 quidema⁴principalitate
1218 2300 1302 2364 quae·

147 2379 219 2443 dam
234 2379 327 2458 diota,
348 2379 500 2445 confutati
517 2381 558 2445 ab
578 2381 626 2458 iis,
647 2403 717 2468 quae
733 2381 766 2444 in
783 2381 952 2466 Scripturis
972 2381 1011 2445 de
1029 2380 1145 2446 christi
1165 2381 1301 2446 adventu

146 2483 330 2549 referuntur.
368 2484 447 2564 Quae
469 2492 575 2548 autem
597 2485 662 2551 sint
684 2485 762 2563 haeo,
786 2508 849 2551 non
867 2487 934 2572 jam
954 2508 1051 2550 unum
1073 2486 1222 2564 sentiunt,
1244 2487 1301 2551 sed

146 2584 199 2648 alii
214 2584 274 2650 alia
289 2587 328 2650 de
340 2586 390 2650 his
404 2585 480 2672 ipsis
490 2587 687 2672 respondent.
719 2587 823 2674 Siquis
835 2588 918 2653 enim
932 2588 1178 2675 experimentum
1193 2610 1300 2653 eorum

146 2688 252 2753 volens
268 2689 418 2774 accipere,
434 2690 603 2776 separatim
620 2689 791 2777 interroget
809 2691 865 2756 ⁵de
882 2691 985 2776 aliquo
1006 2713 1149 2756 sermone
1165 2713 1229 2769 eos,
1247 2691 1300 2776 qui

146 2794 331 2860 excellentes
344 2794 407 2859 sint
421 2796 504 2880 apud
519 2816 582 2872 eos,
599 2795 735 2860 inveniet
749 2795 843 2860 alium
858 2795 983 2880 quidem
998 2794 1153 2859 dicentem
1167 2795 1206 2859 de
1222 2794 1301 2859 Pro-

147 2904 265 2982 patore,
281 2897 313 2961 id
330 2905 389 2975 est,
409 2898 447 2962 de
464 2897 568 2984 Bytho
583 2920 652 2963 esse
667 2898 699 2962 id
713 2898 796 2985 quod
816 2898 1041 2985 interrogetur;
1065 2897 1160 2962 alium
1175 2919 1247 2963 vero
1261 2897 1300 2963 de

147 2999 262 3064 ⁶Iuitio
276 3001 424 3078 omnium,
439 2999 472 3064 id
486 3009 545 3077 est,
564 3001 603 3064 de
620 2999 814 3088 Unigenito;
834 3000 966 3066 alterurn
985 3022 1057 3066 varo
1072 3000 1111 3064 de
1128 3000 1223 3064 Patre
1235 3021 1300 3064 orn·

147 3103 243 3181 nium,
256 3104 315 3169 hoo
330 3113 389 3183 est,
402 3105 458 3170 ⁷de
471 3104 594 3170 Verbo:
611 3103 690 3169 alter
704 3126 812 3169 rursus
827 3104 910 3169 dioet
922 3104 961 3168 de
972 3109 1052 3168 ⁸uno
1062 3103 1171 3168 AEone
1182 3124 1299 3180 eorum,

147 3206 200 3291 qui
223 3215 298 3272 suut
321 3207 355 3271 in
377 3206 554 3272 Pleromate
579 3207 715 3285 AEones,
739 3206 820 3271 dioi:
844 3205 897 3270 alii
923 3213 1029 3271 autem
1051 3205 1090 3270 de
1112 3204 1247 3280 cbristo,
1267 3212 1301 3269 et

147 3311 226 3375 alius
248 3312 286 3383 de
310 3310 480 3376 Salvatore.
517 3309 579 3391 Qui
600 3319 707 3374 autem
729 3308 850 3374 illorum
870 3308 998 3395 peritior
1017 3317 1076 3387 est,
1098 3315 1301 3394 posteaquam

146 3413 280 3478 multum
302 3423 410 3478 taoens
429 3414 625 3499 protraxerit,
648 3412 687 3477 de
708 3411 798 3476 Horo
817 3413 863 3476 ait
882 3411 1000 3476 dietum
1019 3433 1105 3477 esse:
1128 3411 1208 3476 alius
1228 3432 1301 3476 vero

146 3537 216 3580 eam
236 3539 306 3603 quae
326 3525 375 3581 est
394 3516 477 3580 intra
496 3514 730 3602 plenitudinem,
754 3514 903 3601 Sophiam
920 3514 1108 3602 significari:
1131 3514 1211 3579 alius
1228 3536 1300 3579 vero

144 3616 229 3682 illam
252 3642 321 3706 quae
343 3626 434 3684 extra
453 3617 677 3704 plenitudinem
701 3625 760 3697 est,
785 3618 924 3683 Matrem
945 3617 1144 3692 annuntiari;
1168 3625 1201 3681 et
1221 3615 1301 3680 alius

144 3723 252 3785 mundi
273 3722 490 3787 fabricatorem
510 3721 614 3786 Deum
636 3721 729 3786 dioet.
774 3720 886 3785 Tantas
905 3727 980 3784 sunt
1001 3720 1039 3784 de
1061 3741 1124 3783 nno
1144 3718 1300 3783 intereos

145 3824 349 3904 diversitates,
374 3826 413 3890 de
435 3825 544 3890 iisdem
569 3822 738 3910 Scripturis
758 3823 860 3889 varias
880 3823 1032 3887 habentes
1049 3821 1239 3886 sententias:
1266 3827 1300 3884 et

145 3949 207 3992 uuo
218 3929 387 4014 eodemque
395 3950 538 3994 sermone
548 3928 639 4006 lecto,
647 3926 781 3992 universi
791 3925 935 3990 obductis
943 3923 1299 4010 superciliislagitantes

193 4084 204 4115 ¹
220 4101 301 4148 quom,
316 4087 384 4146 AR.;
397 4086 484 4135 Mass.
496 4086 575 4150 printa
587 4085 630 4133 the
641 4100 697 4132 oon-
795 4083 807 4115 ⁴
824 4083 870 4132 Sea
881 4101 905 4148 p.
921 4094 976 4145 274,
991 4095 1014 4144 5.

140 4166 249 4228 jactural
260 4168 417 4217 emendation
428 4184 493 4230 qum·
506 4167 612 4231 perhaps
623 4181 697 4229 wrm
795 4164 806 4195 ⁶
822 4165 874 4214 Aa.
888 4164 1013 4226 interroget
1026 4179 1072 4226 qao
1082 4176 1189 4213 rannone
1199 4176 1236 4210 eor
1249 4176 1297 4211 etro.

144 4265 203 4313 may
219 4250 283 4298 have
304 4251 366 4299 been
382 4251 425 4299 tha
446 4249 599 4298 translator'a
619 4247 695 4296 word.
796 4242 807 4275 ⁶
824 4245 889 4306 ἀρχὴ
900 4245 975 4308 being
986 4260 1002 4292 a
1012 4260 1085 4293 namo
1096 4244 1125 4292 ol
1135 4244 1297 4307 Monogenes,

145 4330 196 4378 For
207 4331 294 4378 Ilaron
305 4332 331 4379 in
343 4333 386 4380 the
397 4348 464 4380 same
475 4331 532 4388 lino,
542 4330 585 4377 the
595 4328 639 4378 Gn.
652 4330 698 4378 has
747 4338 766 4375 1.
779 4327 819 4387 8²,
832 4341 855 4386 a,
869 4343 896 4375 aa
908 4327 984 4374 Pater
994 4343 1045 4375 was
1057 4327 1086 4374 of
1098 4327 1182 4389 Logor,
1203 4339 1221 4376 1.
1238 4341 1275 4375 10.

145 4412 243 4460 Ilomm
250 4431 261 4468 ,·
275 4413 327 4461 Aa.
341 4413 421 4463 Hora.
446 4413 484 4463 Cf.
500 4424 516 4461 1.
527 4410 567 4472 62,
581 4424 608 4472 3;
625 4408 696 4475 69,1.
796 4407 807 4441 ⁷
824 4409 885 4468 Aa,
898 4407 986 4456 Mnao.
996 4420 1026 4456 11.
1039 4407 1082 4457 doc
1093 4415 1125 4457 ort
1136 4423 1197 4457 vero.

194 4493 205 4524 ²
221 4494 281 4556 typi,
297 4495 352 4554 (ta,
364 4494 462 4555 Voss.;
478 4490 546 4556 typo,
562 4492 614 4542 Aa.
797 4489 808 4521 ³
824 4491 841 4539 i.
851 4506 871 4538 a.
891 4489 984 4548 Πάντα,
999 4502 1017 4539 1.
1031 4502 1069 4549 23.

193 4574 204 4606 ⁸
222 4573 378 4638 incipiebant,
392 4578 501 4637 ἔμελλον.
797 4570 809 4604 ⁹
825 4569 911 4632 MSS,
921 4571 968 4620 but
974 4570 1025 4620 Ga.
1035 4571 1297 4635 mathomum.
