3000 4994
236 312 301 376 182
700 324 777 375 unx
804 323 925 376 namn

94 500 200 587 marg.
235 479 396 545 emundari
415 479 531 544 docuit.
569 479 639 562 Quo
655 478 748 556 facto,
769 498 897 543 necesse
918 475 977 541 snit
994 475 1107 541 auferri
1129 474 1253 561 quidem
1271 474 1393 539 vincula

101 558 193 679 ‘ffiyl
235 581 402 661 servitutis,
429 581 540 668 quibus
562 583 630 669 jam
659 580 753 646 homo
776 587 964 659 assueverat,
992 586 1025 643 et
1053 578 1121 643 sine
1150 576 1280 642 vinculis
1304 578 1393 663 sequi

83 667 211 773 uffll·
237 685 362 761 Deum;
386 684 606 771 superextendi
624 706 698 749 vero
716 684 842 749 decreta
860 682 1023 760 libertatis,
1045 689 1077 747 et
1097 681 1203 768 augeri
1224 680 1393 767 subjectio-

71 812 221 825 *-
235 810 307 853 nem
322 810 392 875 quae
411 796 461 854 est
475 788 516 852 ad
530 809 646 875 regern,
671 795 706 852 ut
729 806 792 852 uon
811 793 964 851 retrorsus
984 785 1053 872 quis
1071 793 1228 851 revertens
1247 783 1393 870 indignus

234 897 383 977 appareat
405 890 434 955 ei
455 890 507 977 qui
529 911 564 955 se
585 889 744 955 liberavit:
767 911 838 955 eam
857 911 930 955 vero
949 888 1097 976 pietatem
1119 897 1152 953 et
1172 886 1391 964 obedientiam,

235 1018 305 1084 quaa
332 1003 381 1061 est
402 1017 477 1083 erga
497 994 762 1081 patremfamilias,
783 1016 852 1059 esse
875 993 999 1080 quidem
1023 993 1152 1058 eandem
1175 1000 1208 1057 et
1235 991 1332 1056 servis
1358 1001 1391 1055 et

235 1097 360 1172 liberis;
376 1099 526 1184 majorem
537 1103 643 1161 autem
654 1095 800 1161 fiduciam
810 1096 924 1161 habere
938 1095 1060 1172 liberos,
1076 1094 1221 1179 queniam
1236 1093 1278 1158 sit
1293 1096 1392 1180 major

236 1210 269 1267 et
278 1201 439 1289 gloriosior
449 1200 588 1287 operatio
599 1200 762 1278 libertatis,
776 1222 870 1286 quam
880 1221 919 1265 ea
936 1220 1006 1285 quae
1021 1207 1070 1264 est
1085 1198 1118 1262 in
1138 1199 1286 1263 servitute
1301 1198 1390 1262 ohse-

72 1324 134 1364 uota
142 1334 163 1362 v·
173 1324 196 1362 21
236 1305 374 1392 quentia.
419 1304 464 1369 Et
482 1312 608 1391 propter
621 1304 681 1370 hoc
696 1303 853 1369 Dominus
866 1323 923 1389 pro
937 1324 974 1367 ee
989 1302 1072 1389 qnod
1092 1310 1151 1380 est,
1170 1302 1244 1365 Neo
1264 1303 1390 1366 crumelu-

72 1380 114 1420 ἠ’
237 1406 325 1487 deris,
340 1430 399 1474 nec
412 1408 632 1494 concupiscere
645 1407 811 1495 praecepit:
835 1414 868 1472 et
882 1429 939 1492 pro
954 1430 992 1473 eo
1006 1406 1090 1493 qnod
1103 1413 1162 1483 est,
1178 1407 1253 1471 Non
1266 1406 1389 1483 occides,

72 1531 337 1598 maxumeque
358 1511 449 1577 irasci
470 1510 614 1598 quidem:
638 1518 671 1575 et
691 1533 747 1597 pro
769 1530 807 1575 eo
829 1511 912 1594 quod
933 1517 982 1575 est
1003 1509 1166 1586 decimare,
1191 1509 1296 1573 omnia
1320 1531 1390 1593 quae
1403 1527 1484 1569 ura

236 1622 310 1678 sunt
339 1613 525 1699 pauperibus
547 1612 700 1688 dividere3
731 1620 764 1679 et
786 1634 850 1678 nou
876 1620 999 1677 tautum
1022 1612 1190 1698 proximos,
1215 1611 1270 1675 sed
1295 1611 1390 1675 etiam

71 1730 133 1816 ppa
144 1733 204 1777 no,
236 1716 379 1782 inimicos
393 1716 538 1804 diligere:
556 1723 589 1781 et
602 1738 666 1781 non
680 1723 803 1781 tantum
817 1717 915 1781 bonos
930 1716 1055 1780 datores
1068 1723 1101 1779 et
1113 1715 1391 1780 communicatores

237 1840 316 1899 esse,
331 1819 493 1884 sedetiam
507 1818 654 1884 adversus
668 1840 722 1885 eos
736 1818 789 1905 qui
803 1818 916 1884 tollunt
931 1819 1052 1883 ¹nostra
1062 1819 1199 1905 gratuito
1215 1819 1390 1885 donatores.

72 1946 123 1988 nuc.
133 1948 216 1988 vna-
240 1922 370 1987 Tolleotr'
384 1922 465 1987 enim
478 1919 535 1986 lidi
549 1921 694 2000 tunicam,
722 1921 778 1997 ait,
795 1922 912 1986 remitte
931 1921 960 1986 ei
974 1931 1002 1985 et
1008 1920 1165 2006 pulliano:
1190 1933 1217 1987 et
1231 1920 1269 1985 at
1290 1944 1321 1987 eo
1335 1923 1391 2007 qui

72 1994 102 2033 a
237 2024 317 2090 tollit
336 2035 402 2101 teu,
426 2047 485 2089 oon
503 2047 659 2111 reposces:
682 2035 711 2089 ct
731 2026 981 2111 quernadmodunc
1002 2025 1095 2089 cultis
1115 2034 1150 2089 ut
1161 2026 1291 2108 fuciunt
1311 2023 1392 2089 uobis

236 2127 377 2206 derainer,
391 2128 493 2211 sarcito
511 2128 573 2202 cis;
584 2157 585 2160 ¹
598 2136 634 2191 ut
651 2149 714 2191 non
728 2128 816 2213 quasi
830 2127 971 2192 nolentes
990 2128 1124 2192 fraudari
1146 2127 1390 2204 ²contristemur‚

236 2230 302 2311 sed,
317 2230 405 2317 quasi
423 2230 560 2297 volentes
582 2231 806 2309 donaverimus,
820 2232 1019 2318 gaudeamus,
1041 2229 1175 2317 gratiam
1197 2232 1297 2318 magis
1315 2253 1392 2316 prae-

237 2341 357 2400 stantes
374 2334 408 2399 in
421 2335 589 2420 proximos,
612 2356 706 2419 qnam
720 2333 912 2400 ³neeessitati
932 2333 1106 2399 servientes.
1154 2334 1243 2399 Etsi
1264 2336 1333 2419 puis
1354 2345 1391 2410 te,

237 2436 349 2525 inquit,
371 2437 584 2524 angariaverit
603 2437 687 2502 millo
701 2460 821 2524 pessus,
840 2437 919 2503 cede
939 2461 1004 2501 carru
1023 2461 1055 2501 ee
1071 2437 1140 2502 alia
1160 2438 1238 2508 dum·
1264 2437 1310 2502 uti
1330 2458 1392 2501 non

238 2543 327 2628 quasi
341 2564 448 2608 servus
466 2540 615 2627 sequaris,
636 2540 692 2607 sed
707 2540 795 2625 qnasi
813 2541 891 2606 liber
910 2542 1077 2626 praecedas,
1095 2541 1218 2626 ⁴aptum
1234 2550 1265 2606 te
1280 2540 1312 2604 in
1327 2562 1392 2604 om-

237 2646 329 2711 nibns
343 2652 376 2710 et
391 2642 498 2710 utilem
517 2644 658 2729 proximo
675 2651 845 2729 praestans:
870 2666 932 2708 non
952 2643 1073 2709 illomm
1092 2643 1243 2708 malitiam
1257 2643 1391 2720 intuens,

237 2749 294 2815 sed
308 2757 395 2814 tuam
415 2748 587 2814 bonitatem
602 2747 775 2833 perficiens,
791 2748 990 2834 configurans
1007 2748 1207 2833 temetipsum
1224 2748 1322 2824 Patri,
1338 2749 1393 2831 qui

236 2852 326 2916 solaro
345 2874 431 2916 urunt
445 2851 618 2935 ortntsccit
635 2872 727 2934 super·
745 2849 840 2915 urcelos
854 2859 882 2916 ct
898 2850 992 2928 donee,
1013 2861 1041 2915 et
1055 2851 1140 2938 ple-it
1154 2874 1244 2938 apocr·
1253 2852 1351 2935 justos
1365 2861 1392 2914 et
1405 2875 1482 2914 nus.

238 2954 370 3038 injustos.

304 3060 335 3121 3.
380 3055 462 3120 Haec
474 3062 578 3119 autem
594 3053 707 3133 omnia,
716 3056 975 3140 quemadmodum
985 3056 1195 3141 praediximus,
1210 3078 1273 3120 non
1285 3056 1392 3121 dissol-

237 3159 340 3223 ventis
359 3167 448 3223 erant
471 3158 598 3244 Legem,
617 3158 673 3223 sed
690 3158 887 3244 adimplentis
910 3167 943 3223 et
963 3160 1160 3224 extendentis
1180 3167 1212 3223 et
1235 3160 1394 3225 dilatantis

237 3261 271 3327 iu
285 3261 393 3327 nobis:
415 3269 563 3347 tanquam
578 3261 605 3326 si
620 3261 731 3349 aliquis
741 3261 835 3339 dicat,
847 3264 996 3348 majorem
1008 3261 1159 3327 libertatis
1173 3263 1392 3346 operationem,

239 3372 272 3430 et
286 3364 454 3449 pleniorem
469 3386 544 3451 erga
558 3364 753 3429 liberatorem
768 3372 909 3429 nostrum
923 3364 1051 3430 infixam
1066 3365 1155 3429 uobis
1169 3366 1393 3451 subjectionem

239 3475 271 3533 et
287 3466 491 3532 affectionem.
546 3467 618 3532 Non
644 3468 727 3532 enim
749 3475 874 3552 propter
894 3467 954 3532 hoc
977 3467 1116 3532 liberavit
1138 3491 1204 3546 noS,
1231 3478 1268 3532 ut
1290 3470 1330 3533 ab
1357 3493 1394 3534 eo

237 3572 457 3648 abscedamus3
475 3594 532 3637 nec
546 3571 629 3637 enim
644 3578 748 3658 potest
758 3571 921 3657 quisquam
936 3578 1026 3635 extra
1039 3571 1193 3638 dominica
1208 3573 1396 3638 constitutus

237 3802 795 3866 prophetiealiorecastingoftheperlectlaw
842 3802 885 3850 the
908 3801 990 3849 Greek
1012 3805 1080 3849 must
1108 3801 1172 3849 have
1194 3802 1242 3850 had
1266 3803 1331 3850 ἀλλὰ
1357 3804 1396 3850 καὶ

239 3883 268 3932 ol
287 3883 384 3948 liberty,
403 3884 445 3932 tho
468 3883 575 3947 Gospel;
597 3884 624 3931 in
646 3883 727 3931 which
750 3883 794 3930 the
843 3884 883 3933 ee
908 3884 963 3930 retr
986 3883 1096 3943 αἴροντας
1123 3884 1155 3930 τὰ
1177 3882 1282 3944 ἡμέτερα
1308 3885 1397 3945 δωρεὰν

239 3965 368 4015 restraints
384 3966 412 4013 of
425 3965 502 4013 God's
520 3965 568 4014 law
586 3981 628 4013 are
644 3963 793 4027 compatible
842 3965 999 4027 χαριζόμενοι.

238 4046 300 4094 with
319 4046 413 4110 perfect
430 4047 520 4110 liberty
539 4046 568 4093 ol
581 4046 679 4105 action,
695 4045 734 4093 lor
750 4045 793 4093 the
891 4045 903 4077 ⁹
919 4047 985 4095 Fau.
999 4062 1089 4110 marg„
1103 4047 1214 4107 Cannu,
1228 4047 1318 4108 Vesta,
1332 4048 1393 4106 Aa,

238 4127 289 4175 will
311 4128 331 4175 is
354 4126 485 4175 reclaimcd
507 4126 557 4175 aud
579 4126 689 4190 brought
705 4126 759 4173 into
777 4141 793 4173 a
841 4126 1020 4179 matrutemini.

234 4207 382 4270 progressive
398 4208 548 4273 conformity
562 4208 623 4256 with
641 4207 684 4255 the
700 4206 751 4254 will
767 4207 796 4254 ef
890 4207 901 4240 ³
918 4209 933 4258 l.
946 4209 977 4258 al.
990 4210 1131 4259 necesitate.

238 4289 303 4339 God.
338 4289 549 4352 Precticullythis
565 4289 660 4352 change
677 4287 792 4351 nrought
890 4287 1010 4351 ⁴apturn.
1043 4288 1396 4353 hlassunnpropesesasthe

237 4371 265 4419 in
278 4372 356 4419 man’s
371 4372 422 4419 will
436 4373 457 4419 is
472 4372 511 4420 his
528 4370 712 4420 reconciliation
731 4370 792 4418 with
841 4371 947 4436 original
966 4376 1031 4419 term
1049 4373 1190 4431 ἐπιτήδειον,
1214 4372 1260 4419 but
1279 4372 1322 4420 the
1339 4372 1396 4421 idea

237 4451 282 4501 the
293 4451 394 4501 Father.
424 4453 462 4501 Cf.
479 4452 572 4513 orcus,
587 4454 724 4514 518-521.
840 4452 915 4515 being
930 4452 982 4500 uolt
996 4451 1115 4513 dirposed,
1129 4452 1212 4500 would
1227 4452 1312 4501 rather
1328 4468 1394 4501 seem

286 4532 297 4565 ¹
314 4533 366 4582 The
378 4534 545 4584 Carambis.
558 4535 632 4584 omits
643 4542 732 4597 neura,
745 4534 793 4583 but
839 4538 866 4583 to
878 4534 985 4583 indicate
997 4535 1098 4583 εὔθετον.
1107 4572 1112 4583 .
1120 4536 1169 4582 ,καὶ
1180 4536 1294 4596 χρηστόν.
