3000 4994
267 351 310 414 84
676 360 998 414 nnnnuononocrn

126 539 230 625 ruffin
334 519 361 579 2.
387 514 459 579 Hoc
474 514 573 600 ipsum
587 512 808 598 interpretatus
820 519 868 576 est
888 511 1013 590 Paulus,
1028 511 1168 576 scribens
1183 512 1222 576 ad
1238 512 1415 576 Romanos:

102 632 253 718 oppgffipi·
267 617 391 682 Paulus
404 615 565 703 Apostolus
579 617 656 679 Jesu
673 615 798 691 Chresti,
816 618 824 655 ¹
825 613 1064 699 proedestinatus
1079 616 1113 677 in
1126 614 1331 699 Euangelium
1344 613 1417 688 Dei,

104 724 255 807 -ffl-
267 722 348 809 quod
354 723 500 807 promisit
506 743 567 806 per
574 719 741 805 prophetas
755 741 821 783 suos
840 720 874 782 in
889 718 1062 803 seripturis
1075 719 1188 782 eunetis
1202 719 1240 782 de
1254 718 1342 782 Filio
1356 739 1418 791 suo,

105 836 167 876 lhu-
176 835 191 874 ¹·
202 835 254 873 ¹4
268 824 323 910 qui
335 825 444 906 factus
469 833 512 886 est
536 823 565 886 ei
591 844 626 887 er
652 823 761 884 ronzino
773 820 886 884 Dauid
908 819 1071 884 secuudum
1098 841 1228 896 tomum,
1256 820 1310 904 qui
1334 841 1419 903 pron·

267 927 437 990 destinatus
459 936 501 990 est
524 926 630 990 Filius
643 925 708 989 Dei
732 925 767 987 in
791 924 902 988 uirtute
920 923 1150 1008 perspiritum
1173 922 1421 1004 saridifiontionis

269 1051 306 1094 ee
334 1032 550 1095 resurreetione
578 1037 764 1093 mortuorum
796 1027 882 1090 ¹Jesu
912 1027 1027 1090 Christi
1057 1026 1186 1090 Domini
1214 1027 1319 1091 nostri.
1375 1025 1421 1089 Et

106 1141 232 1181 mle*-
269 1132 383 1198 iterum
397 1133 437 1197 ad
453 1132 613 1198 Romanos
631 1130 771 1195 scribens
788 1129 827 1193 de
849 1128 957 1204 Israel,
979 1127 1074 1192 dioit:
1102 1128 1235 1206 Quorum
1250 1136 1369 1212 patros,
1393 1137 1421 1192 et

268 1257 306 1300 ee
327 1233 434 1320 quidese
460 1235 597 1299 Christus
618 1232 783 1298 seeundum
804 1252 937 1307 οοιιιοοι,
961 1231 1016 1316 qui
1037 1240 1079 1295 est
1101 1230 1186 1293 Deus
1210 1251 1301 1315 sopor
1324 1251 1422 1294 omnes

269 1339 440 1403 benedictus
454 1339 488 1402 io
502 1338 626 1403 saeoulo.
670 1335 714 1401 Et
729 1336 843 1400 itemm
866 1334 900 1398 in
914 1333 1047 1418 epistola
1061 1355 1131 1419 quae
1153 1342 1203 1398 est
1224 1334 1265 1397 ad
1281 1333 1421 1410 Galatas,

106 1458 243 1501 θοῦν-ιι
268 1442 332 1506 ait:
367 1442 444 1506 Cum
468 1451 570 1505 autem
593 1440 675 1505 venit
697 1437 861 1524 plenitudo
889 1437 1040 1523 temporis,
1071 1438 1155 1502 misit
1183 1439 1270 1501 Deos
1298 1437 1423 1501 Filium

268 1567 366 1622 mum,
393 1545 530 1629 ²foetum
554 1567 591 1609 on
616 1543 750 1619 muliere,
768 1543 895 1625 foetum
917 1539 969 1604 sul
993 1540 1064 1625 lopo,
1089 1549 1123 1604 ut
1143 1562 1190 1604 eos
1212 1541 1266 1625 qui
1287 1539 1340 1605 sul
1363 1541 1423 1626 loys

270 1657 358 1713 nont
370 1647 539 1724 redimeret,
555 1655 589 1710 ot
603 1645 795 1731 adoptionem
803 1644 1037 1729 percipiamus:
1061 1644 1225 1710 manifeste
1242 1644 1423 1731 signifieuns

269 1771 367 1813 unum
389 1748 514 1834 quidem
537 1746 653 1821 Deum,
676 1746 729 1832 qui
752 1767 808 1832 per
828 1745 997 1831 prophetas
1019 1746 1255 1831 promissionem
1276 1746 1316 1811 de
1338 1745 1422 1810 Filio
1435 1763 1499 1801 (ιιι

270 1849 398 1922 feeerit;
423 1869 520 1912 unum
535 1855 641 1913 autem
657 1847 680 1910 J
682 1869 770 1912 esum
786 1847 946 1911 Christum
961 1847 1133 1913 Dominum
1147 1855 1299 1925 nostrum,
1315 1847 1367 1932 qui
1383 1847 1422 1912 de

270 1951 389 2016 semine
406 1951 510 2015 David
529 1950 698 2016 secundum
719 1971 789 2014 eam
810 1949 1043 2036 generationem
1067 1972 1137 2037 quae
1159 1959 1208 2015 est
1230 1972 1270 2014 ex
1296 1950 1420 2024 Maria;

271 2054 354 2118 huno
376 2053 567 2118 destinatum
584 2052 700 2116 Filium
720 2051 781 2116 Dei
804 2051 918 2116 Jesum
939 2051 1098 2116 Christum
1120 2052 1153 2115 in
1167 2052 1292 2130 virtute,
1313 2073 1423 2116 seeun-

271 2156 346 2220 dum
359 2154 511 2239 Spiritum
527 2153 798 2219 ³sanctifioationis
816 2176 856 2219 ex
876 2155 1100 2220 resurrectione
1114 2161 1316 2231 mortuorum,
1332 2163 1368 2219 ut
1380 2154 1423 2219 sit

105 2269 175 2308 θοι-ι·
187 2268 256 2315 Ιιῑᾰ
273 2258 498 2344 primogenitus
518 2258 734 2334 ⁴mortuomm,
754 2255 1014 2343 quemadmodum
1035 2256 1260 2342 primogenitus
1282 2256 1315 2319 in
1338 2257 1422 2320 omni

272 2361 468 2435 conditione3
494 2359 596 2424 Filius
611 2359 683 2437 Dei,
704 2358 853 2424 Hominis
870 2358 971 2423 Filius
989 2359 1100 2436 faetus,
1123 2366 1159 2422 ut
1174 2380 1230 2444 per
1243 2380 1313 2422 eum
1329 2358 1424 2445 adop-

272 2463 389 2528 tionem
405 2463 623 2547 percipiamus,
641 2471 786 2547 portante
800 2463 927 2528 homine
942 2471 975 2527 et
989 2462 1132 2548 capiente
1146 2469 1179 2527 et
1198 2462 1423 2548 complectente

274 2564 390 2628 Filium
406 2564 477 2630 Dei.
1172 2641 1173 2645 Ἰ

337 2671 369 2732 3.
404 2667 538 2752 Propter
551 2668 610 2732 hoo
625 2673 658 2731 et
675 2667 804 2731 Murcus
812 2667 877 2731 ait:
902 2666 1036 2730 Initium
1044 2665 1210 2750 Evangelii
1218 2666 1293 2730 Jeso
1307 2667 1424 2731 Christi

272 2771 359 2834 Filii
383 2771 455 2849 Dei,
479 2771 730 2856 quernodmodum
751 2772 898 2857 ereptum
927 2781 969 2836 est
997 2771 1032 2834 in
1060 2770 1247 2856 “prophetisz
1272 2793 1368 2834 unum
1390 2781 1423 2836 et

272 2873 404 2938 eundem
431 2872 533 2937 sciens
560 2872 678 2936 Filium
708 2872 769 2938 Dei
799 2873 912 2938 desum
943 2873 1112 2950 Christum,
1136 2872 1189 2959 qui
1218 2894 1237 2937 a
1264 2873 1423 2958 prophetis

108 2994 227 3036 aaran
272 2973 475 3038 annuntiatus
490 2981 548 3046 est,
564 2974 616 3058 qui
632 2996 672 3039 ex
696 2974 797 3039 fructu
818 2975 935 3040 ventris
953 2973 1055 3038 David
1079 2973 1275 3052 Emmanuel,
1301 2972 1423 3059 6οιαοιιὶ

106 3093 245 3134 inuios.
272 3076 392 3140 consilii
410 3075 517 3139 Patris
538 3077 673 3155 nuntius,
696 3098 752 3163 per
773 3099 866 3163 quem
888 3077 975 3142 ‘oriri
999 3077 1074 3142 feeit
1090 3077 1178 3142 Deus
1199 3076 1303 3142 domui
1319 3077 1422 3142 David

108 2684 172 2725 llam.
182 2685 196 2724 1.
206 2686 223 2724 1.

270 3303 296 3350 in
307 3303 351 3350 the
362 3301 445 3350 Greek
454 3303 498 3351 the
514 3303 645 3352 alteration
660 3304 689 3352 of
701 3306 723 3353 ot
733 3305 786 3354 into
797 3307 822 3354 tr
871 3306 988 3369 ugreeing
1004 3321 1031 3354 as
1048 3306 1108 3370 they
1124 3307 1157 3355 do
1174 3306 1200 3354 in
1217 3307 1259 3355 the
1275 3307 1423 3356 translation

270 3385 351 3433 would
362 3385 393 3432 he
404 3385 527 3434 involved.
872 3389 954 3450 πατὴρ
965 3389 1054 3437 αἰῶνος.
1079 3388 1146 3437 That
1157 3389 1199 3437 the
1211 3390 1300 3438 Princo
1307 3391 1336 3438 ol
1344 3391 1423 3439 Peacs

319 3464 328 3496 ¹
343 3467 515 3528 rponpnnhos
525 3466 565 3514 t‘or
576 3467 745 3529 ἀφωρισμένος.
763 3467 822 3517 Ian
870 3468 959 3517 should
970 3469 1001 3516 be
1011 3469 1106 3518 termed
1114 3470 1250 3532 absolutely,
1265 3470 1302 3519 tlte
1309 3471 1424 3519 htortnsr-

271 3548 364 3598 Christi
374 3548 408 3597 D.
421 3565 445 3599 ιι.
459 3549 510 3597 also
522 3549 601 3598 added
612 3550 637 3597 in
649 3551 692 3599 the
704 3551 758 3615 Syr.
870 3549 915 3612 inq
933 3550 1031 3610 nuto,
1051 3557 1134 3615 grates
1156 3567 1224 3615 upon
1244 3553 1287 3601 the
1306 3553 1423 3616 religione

317 3626 329 3659 ²
345 3628 440 3675 Gneus
456 3629 526 3677 rsasls
537 3636 623 3677 natum
634 3630 742 3679 without
757 3631 822 3680 suffi·
870 3647 953 3691 sense;
971 3632 1018 3682 but
1029 3634 1085 3682 that
1095 3633 1248 3695 relutiedyto
1259 3650 1289 3681 us
1296 3635 1326 3682 he
1335 3635 1423 3683 should

267 3709 335 3757 cient
345 3709 481 3773 authority.
501 3709 822 3770 Cmu.,Au.,Voss.and

268 3789 358 3838 Mltnc.
375 3800 393 3839 1.
410 3790 474 3838 have
485 3789 599 3852 saotum;
616 3792 659 3840 the
674 3793 729 3842 best
743 3793 820 3844 MSS.

267 3871 296 3920 oi
306 3871 348 3919 the
360 3871 394 3920 N.
407 3871 436 3919 Τ.
449 3870 501 3920 aleo
512 3871 571 3919 read
582 3873 716 3932 γενόμενον,

316 3951 378 4001 ’So
400 3954 443 4002 the
461 3954 513 4003 AB.
531 3969 559 4002 as
578 3954 605 4002 in
625 3955 669 4003 the
691 3956 822 4019 seriptural

268 4033 819 4096 quotationbutcmnn.,v0ss.,rororiurie.

315 4113 326 4144 ⁴
343 4114 387 4163 On.
401 4116 475 4163 omits
486 4116 529 4164 the
540 4120 601 4164 next
611 4116 681 4165 three
691 4117 779 4168 words.

315 4193 326 4224 ⁸
343 4194 388 4243 See
400 4212 425 4259 p.
436 4210 476 4261 49,
490 4213 515 4245 n.
525 4211 547 4245 ι.

314 4271 326 4307 ⁸
342 4277 452 4335 μεγάλης
475 4277 565 4338 βουλῆς
588 4277 701 4338 ἅγγελος,
730 4277 818 4327 Lxx.

265 4355 318 4403 The
330 4354 418 4406 LXX.
431 4358 520 4406 render
530 4359 568 4416 ru
580 4358 640 4420 ΠΝ,
655 4360 688 4424 by
700 4362 750 4420 ἄξω
760 4362 816 4423 γὰρ,

266 4435 296 4484 E.
309 4435 343 4485 V.
368 4436 405 4484 tte
426 4438 576 4503 Eonmtny
598 4441 694 4490 Foster.
731 4441 817 4491 Sruu.

265 4516 315 4566 aad
332 4515 431 4567 Toron.
448 4533 490 4566 are
505 4521 581 4570 much
596 4527 623 4570 to
639 4523 669 4571 be
684 4521 816 4587 preferred,

870 3714 901 3762 be
912 3714 994 3777 styled
1004 3715 1048 3763 the
1059 3714 1149 3763 Fotler
1160 3715 1299 3778 osetemity,
1313 3732 1340 3764 aa
1349 3717 1423 3780 being

870 3795 908 3844 tlte
916 3812 976 3859 way,
989 3796 1027 3845 en
1037 3796 1110 3855 trotio,
1120 3797 1172 3845 aod
1182 3796 1220 3846 tlte
1230 3797 1281 3860 lite,
1293 3814 1379 3846 causes
1391 3814 1423 3849 no

871 3878 932 3925 such
954 3879 1039 3927 shook.
1074 3879 1101 3926 It
1123 3879 1143 3926 is
1165 3879 1212 3927 but
1235 3895 1251 3927 a
1272 3895 1334 3943 very
1351 3879 1424 3928 usual

871 3957 1037 4008 Orientalium.
1077 3958 1204 4006 Innnnus
1228 3959 1353 4023 evidently
1378 3960 1423 4008 felt

870 4054 939 4087 some
955 4039 1016 4087 such
1032 4039 1161 4104 difficulty,
1178 4039 1216 4087 for
1229 4040 1381 4099 afterwards,
1396 4057 1420 4104 p.

872 4133 919 4180 250
930 4121 989 4180 Gru,
1007 4120 1039 4169 he
1054 4121 1153 4170 rendere
1167 4122 1210 4170 the
1224 4121 1305 4169 words
1316 4137 1344 4170 so
1354 4137 1382 4169 us
1395 4126 1423 4170 to

870 4200 928 4251 bear
941 4201 984 4249 the
1001 4202 1149 4251 translation
1165 4201 1264 4250 decom
1278 4202 1361 4264 speeie,
1381 4201 1421 4250 de·

870 4281 952 4346 riving
975 4281 1027 4331 '28
1049 4284 1113 4332 from
1137 4282 1200 4333 nat<
1222 4290 1244 4331 to
1266 4281 1349 4342 dorin,
1373 4283 1423 4331 and

868 4364 1000 4429 rendering
1012 4366 1050 4423 *lli
1061 4383 1088 4414 as
1099 4367 1196 4430 though
1213 4367 1233 4416 it
1249 4381 1312 4414 were
1323 4365 1423 4414 written

869 4442 924 4504 fill,
938 4461 972 4494 arr
983 4446 1052 4508 objeet
1063 4445 1093 4508 of
1100 4447 1192 4509 beardo.

917 4526 927 4560 ⁷
945 4527 1033 4578 Ienxli.
1045 4542 1072 4579 r:
1089 4527 1148 4602 m
1165 4529 1259 4605 ΙᾯῘΦᾩ
1278 4526 1345 4592 thil!
1363 4528 1396 4591 ’ᾩ
