3000 4994
264 327 330 392 320
558 342 831 395 nucunnrsnrru
850 342 1119 417 rnnrrcumno

102 509 252 597 wib—⁹·
266 504 398 601 δέχεται
416 503 477 577 τὸν
496 506 604 596 λόγον
620 509 684 575 τοῦ
700 503 794 586 Θεοῦ,
820 503 872 572 καὶ
894 502 1021 594 γίνεται
1046 506 1065 585 ἡ
1087 504 1302 601 ἐὐχαριστία
1324 509 1421 587 σῶμα

102 603 253 644 MASSsthAE.
410 623 426 639 Α
464 618 472 641 s
567 618 575 643 ν
686 613 693 639 ι
745 614 759 641 ν
882 614 891 640 ι
983 617 990 642 ν
1159 620 1167 641 e
1197 622 1208 640 ο
1243 624 1258 639 ι.
1392 614 1401 641 r

104 679 250 688 ...-
265 618 433 717 Χριστου,
457 649 491 687 εκ
513 648 640 689 τουτων
683 614 808 708 sanger
838 647 891 684 και
919 647 1116 687 σννισταται
1148 648 1165 699 η
1197 639 1274 698 ’της
1298 647 1424 715 σαρκος·

266 822 357 898 calix,
380 830 413 886 ct
435 822 537 886 factus
557 820 647 906 penis
671 818 803 905 percipit
821 817 962 882 Verbum
983 818 1055 896 Dei,
1082 824 1135 885 ³et
1159 821 1196 883 fit
1221 819 1424 885 Eucharistiae

265 924 426 1012 sanguinis
440 932 473 989 et
488 923 625 1009 corporis
640 921 766 999 Christi,
782 942 822 984 cx
837 921 948 1006 quibus
962 929 1093 1007 augetur
1107 930 1140 986 et
1156 922 1299 987 consistit
1318 922 1423 987 cernis

265 1120 294 1168 in
308 1120 383 1170 colice
393 1119 518 1183 dceiynore'
529 1125 584 1167 ante
597 1119 646 1167 boec
655 1115 817 1181 precaveat),
917 1116 970 1164 The
981 1119 1077 1166 semeis
1088 1119 1188 1181 implied
1197 1119 1222 1166 iu
1231 1120 1274 1167 the
1282 1117 1424 1181 Liturgicai

265 1202 357 1248 sivero
373 1216 439 1264 aqua
455 1201 489 1248 sit
505 1199 564 1258 soie,
578 1199 648 1262 plebs
662 1198 750 1261 incipit
767 1212 819 1244 csse
867 1198 975 1247 formula
986 1201 1014 1248 os
1022 1201 1064 1248 the
1077 1200 1165 1264 Syrien
1178 1202 1286 1260 Church,
1299 1216 1345 1261 ep.

266 1282 320 1329 sine
337 1281 453 1330 Christo:
471 1280 571 1344 quando
584 1284 669 1328 sutem
684 1283 818 1340 utrumque
950 1280 1033 1366 3er
1063 1280 1123 1361 'm
1149 1298 1258 1386 §m
1283 1306 1343 1359 ρο

266 1363 385 1410 miscetur
396 1367 421 1410 et
436 1362 587 1410 adunatione
600 1361 704 1408 confusa
719 1359 765 1407 sibi
781 1359 817 1406 in·

265 1446 345 1493 ricem
356 1445 494 1508 copuletur,
504 1449 566 1493 tunc
574 1448 756 1493 sacromentum
768 1440 817 1504 spi·
868 1394 989 1488 miii
1021 1412 1181 1471 “Q
1212 1421 1320 1470 hio-H
1357 1410 1422 1509 (ΔΟ

265 1526 336 1596 ritule
359 1532 384 1574 et
406 1525 504 1574 coeleste
526 1525 660 1588 perficitur.
692 1522 753 1570 And
768 1521 818 1569 this
871 1506 1095 1598 >QX-mig)
1142 1504 1272 1645 Ἢ
1307 1517 1422 1584 [mg

266 1613 310 1655 not
320 1607 360 1654 for
370 1608 413 1655 the
424 1607 483 1655 seire
495 1606 524 1653 oi
531 1606 680 1668 conformity
695 1605 756 1652 with
768 1618 819 1666 any

265 1689 360 1737 human
374 1689 434 1747 rule,
450 1688 496 1735 but
510 1688 549 1735 sor
564 1688 607 1735 the
624 1687 683 1735 seire
700 1687 729 1733 ot
743 1683 818 1733 God's
868 1638 1058 1729 ῦΔ-Φὼ
1107 1666 1251 1741 ΜΡ
1295 1637 1422 1732 ἶ-ΟΞΖῙΟ

265 1771 351 1820 truth:
371 1771 476 1819 sisoius
490 1769 604 1818 Christus
617 1768 755 1818 andiendus
771 1772 816 1827 est,
869 1769 954 1861 &00
981 1749 1086 1842 1,,,500
1113 1750 1181 1846 iso?
1212 1767 1316 1828 Μ
1343 1764 1422 1844 0330

137 1888 178 1902 ”·
265 1849 819 1995 323tittttttsstdttttt
869 1863 981 1958 iver
1004 1890 1170 1974 μου
1202 1864 1307 1959 nimi
1336 1864 1420 1958 too

265 2015 372 2062 hominis
393 2014 597 2062 consuetudinem
619 2014 689 2076 sequi
709 2018 815 2077 oportet,
1165 1979 1319 2074 nomm
1347 2008 1421 2055 ⁹0¹

265 2096 308 2144 sed
325 2095 373 2143 Dei
388 2095 519 2143 veritatem
529 2095 612 2144 :-the
625 2094 767 2157 significent
777 2098 819 2142 set
929 2092 959 2139 Et
970 2091 1068 2152 eunde
1078 2092 1157 2140 miscet
1168 2092 1272 2151 calicem,
1288 2091 1366 2141 dicit:

266 2177 295 2224 οἳ
303 2176 395 2236 Christ,
404 2176 480 2239 being
489 2175 559 2224 aione
568 2176 611 2224 the
622 2180 678 2223 true
688 2175 741 2223 ruis
752 2179 779 2223 to
788 2176 818 2223 be
918 2173 1042 2222 Dominus
1059 2179 1143 2222 noster
1157 2174 1175 2222 J
1177 2190 1221 2222 esu
1236 2174 1349 2222 Christus
1367 2189 1419 2221 crn-

265 2258 379 2307 followed
389 2258 424 2322 by
435 2258 478 2306 the
488 2258 597 2307 chnrch:
613 2258 639 2306 Si
651 2259 676 2305 in
689 2258 816 2318 sacrificio,
868 2255 956 2303 cifixus
974 2261 1011 2303 est
1029 2256 1094 2303 inter
1107 2255 1216 2302 latrones
1234 2254 1259 2302 in
1270 2254 1289 2301 J
1291 2254 1419 2313 eruentem,

266 2339 334 2402 quod
341 2338 583 2397 Christusobtubrit,
592 2355 642 2386 non
649 2339 697 2386 nisi
704 2339 819 2387 Christus
869 2342 894 2385 et
905 2337 990 2384 lancee
1003 2336 1130 2384 consessus
1148 2340 1186 2383 est
1202 2336 1227 2382 in
1241 2335 1318 2383 lutere
1329 2351 1382 2395 suo,
1396 2341 1421 2384 et

265 2420 405 2484 sequendus
416 2428 461 2480 est,
476 2422 563 2484 ntique
571 2421 597 2469 id
608 2436 653 2468 nos
665 2420 783 2468 obaudire
794 2425 819 2467 et
868 2433 899 2466 ex
911 2434 939 2466 eo
950 2417 1107 2466 defluxerunt
1119 2419 1221 2481 sanguis
1234 2423 1260 2466 et
1270 2434 1336 2482 sque
1343 2436 1349 2479 ;
1366 2420 1420 2482 qui·

264 2503 346 2550 fecere
362 2507 468 2565 oportet,
488 2503 556 2567 quod
578 2502 692 2551 Christus
708 2501 775 2561 iecit,
794 2507 819 2550 et
869 2498 1117 2560 queviditteetetur‚
1131 2502 1156 2546 et
1169 2500 1356 2548 scimusverum
1369 2517 1421 2549 esse

265 2585 332 2647 quod
347 2585 488 2634 faciendum
511 2601 563 2633 esse
579 2585 709 2632 mondavit
725 2584 817 2644 dicens,
868 2581 1039 2630 testimoninm
1051 2582 1111 2644 ejus.

265 2665 320 2714 Hoc
341 2666 420 2728 facite
441 2667 469 2714 in
497 2667 544 2714 mci
567 2665 815 2725 commmoratrbncm,
918 2660 1040 2724 werpes
1053 2662 1344 2724 Obmetidicimueillud,
1358 2665 1422 2726 qued

265 2747 366 2810 qnando
377 2748 430 2811 ipse
447 2748 473 2796 in
486 2747 622 2810 Evangelio
634 2747 708 2805 dicet,
727 2748 748 2794 si
759 2747 819 2795 sece-
869 2758 896 2791 cx
912 2743 1032 2805 sruyibue
1049 2751 1117 2793 tcrroe
1133 2753 1262 2807 occeptum,
1282 2754 1303 2795 et
1321 2748 1421 2809 mystico

265 2829 320 2876 ritis
337 2829 404 2891 quod
420 2828 512 2877 mendo
529 2830 608 2888 vobis,
624 2829 677 2891 jam
695 2844 746 2876 non
763 2828 819 2876 dico
865 2839 935 2885 prece
952 2832 1113 2873 consecratum
1129 2826 1176 2874 rite
1193 2827 1311 2876 sumimus
1325 2828 1359 2875 cd
1371 2828 1420 2890 epi·

265 2925 413 2969 vosservoe,
426 2910 580 2959 scdsmicos.
614 2910 667 2958 The
680 2911 760 2958 entire
770 2909 820 2973 epi·
868 2904 1074 2953 momentum
1089 2905 1117 2953 in
1132 2907 1271 2954 memormm
1285 2908 1420 2957 Dcrninr'ooe

265 2990 313 3038 stle
324 2991 344 3038 is
355 2991 442 3054 highly
449 2991 593 3053 importent,
608 2991 658 3038 end
670 2992 690 3038 is
701 2991 780 3039 found
791 2992 817 3039 in
865 3001 914 3047 pro
929 2986 997 3034 nobie
1012 2986 1148 3036 Pactionit.
1184 2986 1209 3037 S.
1223 2989 1292 3037 Ano.
1306 2988 1335 3037 dc
1349 2989 1418 3038 Trio.

265 3072 308 3119 the
320 3071 419 3119 editor's
436 3070 531 3119 Vindex
543 3070 688 3130 Catholicus,
705 3085 746 3121 111.
763 3073 817 3134 383.
869 3081 910 3117 111.
930 3087 954 3129 4.
988 3069 1041 3118 The
1063 3086 1152 3134 prayer
1166 3071 1196 3118 of
1209 3073 1376 3120 consecretion
1394 3073 1420 3121 in

265 3152 354 3200 Hence
364 3153 407 3200 the
417 3168 507 3216 prayer
517 3154 546 3201 of
559 3155 727 3202 consecretion
740 3156 764 3202 in
776 3149 819 3204 the
869 3151 912 3199 the
923 3151 1054 3199 Primitive
1066 3152 1166 3200 Chnrch
1180 3152 1224 3200 bss
1235 3154 1279 3201 the
1289 3153 1369 3201 words
1380 3171 1420 3202 :—

265 3234 392 3296 primitive
408 3233 501 3281 church
517 3234 593 3282 refers
609 3235 652 3282 the
668 3236 777 3284 mixture
793 3237 822 3285 of
869 3234 1035 3294 προσφέρομέν
1043 3250 1081 3281 σοι
1088 3231 1123 3293 τῷ
1133 3236 1233 3296 βασιλεῖ
1240 3236 1280 3282 καὶ
1287 3236 1346 3295 Θεῷ,
1358 3237 1420 3283 κατὰ

264 3314 309 3363 the
319 3331 368 3378 cup
379 3319 406 3364 te
422 3315 506 3365 Christ
523 3317 627 3375 himself,
649 3318 819 3367 dectrectaret
868 3316 913 3373 τὴν
928 3317 1001 3363 αὐτοῦ
1014 3316 1129 3376 διάταξιν,
1144 3317 1186 3364 τὸν
1202 3319 1273 3378 ἄρτον
1284 3319 1420 3365 τοῦτονκαὶ

265 3397 294 3444 τὸ
306 3397 420 3458 ποτήριον
431 3398 534 3458 κεράσας
548 3400 574 3457 ἐξ
587 3399 650 3446 οἴνου
665 3399 705 3446 καὶ
722 3400 816 3459 ὕδατος,
868 3397 897 3444 τὸ
909 3399 1023 3457 ποτήριον
1033 3398 1113 3456 τοῦτο,
1133 3399 1328 3459 εῦχαριστοΰντέῖ
1339 3416 1378 3447 σοι
1390 3399 1419 3447 δι’

266 3477 306 3523 καὶ
318 3476 424 3537 ἁγιάσας
433 3478 551 3525 ἐπέδωκεν
563 3480 650 3537 αὐτοῖς,
665 3481 757 3540 λέγων·
776 3481 818 3527 nt·
869 3479 954 3525 αὐτῶν.
962 3515 968 3528 .
977 3514 982 3526 .
992 3479 1044 3525 ,καὶ
1056 3479 1164 3536 ἀξιοῦμέν
1176 3496 1205 3527 σε
1220 3480 1291 3527 ὅπως.
1302 3516 1307 3528 ,
1318 3497 1419 3528 ..rare-

264 3575 318 3605 νετι
333 3559 359 3617 ἐξ
377 3560 451 3607 αὑτοῦ
470 3559 680 3609 serre-Ome.
693 3560 742 3622 dp.
756 3573 816 3611 vm.
869 3560 966 3621 πέμψῃς
980 3560 1008 3607 τὸ
1022 3561 1092 3620 ἅγιόν
1106 3577 1150 3608 σου
1161 3561 1259 3618 Πνεῦμα
1272 3563 1312 3609 ἐπὶ
1328 3564 1372 3620 τὴν
1383 3564 1420 3610 θυ·

263 3637 307 3686 xii,
342 3637 395 3686 The
414 3637 516 3687 Council
532 3639 561 3687 oi
573 3640 697 3704 Carthege
715 3643 767 3691 also
781 3642 817 3690 di·
869 3643 924 3690 otnv
935 3644 1032 3701 ταύτην,
1043 3644 1084 3690 τὸν
1091 3645 1200 3704 μαρτύρει
1211 3645 1259 3691 τῶν
1270 3645 1420 3703 παθημάτων

190 3771 192 3774 ,
263 3720 383 3769 rectedin
395 3737 441 3770 one
453 3722 481 3770 of
490 3723 522 3771 its
534 3739 633 3784 oenone,
645 3724 700 3772 thet
712 3725 818 3788 nothing
868 3724 911 3770 τοῦ
934 3723 1024 3784 Κυρίου
1040 3723 1105 3781 ἡμῶν
1121 3724 1204 3782 Ἰησοῦ
1222 3726 1335 3786 Χριστοῦ,
1355 3728 1420 3774 ὅπως

263 3802 353 3850 should
368 3803 399 3851 be
415 3804 507 3852 offered
524 3811 551 3853 et
563 3806 605 3854 the
616 3805 681 3853 eltsr
691 3806 738 3854 but
749 3807 818 3855 what
868 3805 983 3866 ἀποφήνῃ
993 3807 1035 3853 τὸν
1046 3808 1118 3866 ἄρτον
1128 3808 1213 3855 τοῦτον
1225 3809 1296 3865 σῶμα
1307 3810 1350 3855 τοῦ
1362 3809 1418 3870 Χρι-

261 3883 306 3931 the
324 3881 392 3932 Lord
408 3885 458 3932 had
474 3887 644 3947 commanded,
667 3888 711 3935 vin
725 3887 814 3948 Bresd,
867 3887 927 3934 στσῦ
938 3904 989 3946 σου,
1004 3888 1044 3935 καὶ
1055 3889 1083 3936 τὸ
1095 3891 1208 3950 ποτήριον
1218 3891 1291 3936 τοῦτο
1306 3891 1365 3948 αἷμα
1377 3888 1421 3938 τοῦ

263 3963 313 4010 end
335 3963 408 4013 Wine
427 3965 539 4028 mingled
560 3968 622 4016 with
640 3967 735 4018 Weter.
771 3968 817 4018 See
867 3967 976 4029 Χριστοῦ
990 3986 1041 4018 σου.
1062 3972 1134 4018 κ.τ.λ.
1171 3969 1417 4034 Oonet.dpoet.v1n.

262 4044 314 4091 slso
325 4044 463 4105 Brucusu,
479 4059 522 4096 xv.
536 4048 561 4097 ii.
577 4059 598 4109 7.
624 4049 650 4097 It
666 4049 687 4097 is
702 4050 815 4099 interest·
867 4049 909 4097 xii.

262 4124 307 4187 ing
317 4130 344 4173 to
356 4126 431 4175 know
442 4127 499 4176 thot
515 4128 558 4176 the
575 4144 643 4178 seme
658 4135 755 4178 cnstom
773 4131 815 4179 ob·
915 4127 927 4160 ¹
941 4130 1252 4192 TbeBreedendWine,it
1261 4133 1281 4181 is
1290 4133 1417 4195 heresuid,

261 4204 347 4253 tained
364 4205 390 4254 in
408 4206 451 4254 the
467 4205 550 4255 Sexon
563 4208 670 4268 Church,
684 4225 712 4256 es
726 4209 815 4260 AEifn'c
865 4211 914 4260 edd
925 4216 952 4261 to
964 4213 1048 4277 bodily
1062 4215 1195 4263 substance
1206 4215 1239 4278 by
1254 4215 1371 4279 ordinary
1381 4232 1418 4264 es·

261 4285 306 4334 bes
316 4287 448 4338 recorded:
468 4304 508 4336 soe
519 4304 544 4351 p.
555 4286 638 4350 256,4.
667 4289 719 4338 The
727 4307 816 4355 prayer
865 4293 1418 4360 similation5inettbetoncctbercsoretheyceu

261 4367 290 4414 os
304 4369 472 4417 consecretion
488 4369 539 4418 slso
558 4371 583 4418 in
601 4371 644 4419 the
660 4373 760 4420 ancient
777 4373 814 4420 Li·
865 4376 961 4439 onlybe
973 4378 1015 4425 the
1026 4377 1101 4426 breed
1109 4379 1158 4426 sud
1167 4379 1230 4426 wine
1239 4380 1267 4426 of
1275 4379 1342 4443 dnily
1350 4379 1415 4440 foed,

260 4453 343 4513 turgy,
354 4451 490 4516 nominally
497 4453 526 4500 of
533 4453 557 4501 S.
567 4452 586 4501 ‚J
588 4469 662 4512 emen,
672 4454 790 4503 indicates
799 4471 814 4503 s
864 4458 990 4506 whatever
999 4459 1048 4507 else
1057 4460 1117 4523 they
1124 4476 1182 4524 moy
1192 4461 1222 4507 be
1233 4461 1258 4507 in
1270 4460 1313 4508 the
1324 4477 1380 4524 wey
1391 4461 1422 4510 of

259 4529 368 4579 mixture
379 4533 407 4579 os
416 4538 492 4581 water
502 4534 527 4582 in
537 4534 580 4582 the
589 4534 644 4600 Cup
654 4535 682 4583 os
688 4535 810 4601 Blessing.
864 4539 984 4605 benvenly
994 4545 1111 4604 mystery.
1135 4541 1187 4589 The
1196 4541 1268 4605 Body
1279 4542 1330 4590 end
1337 4541 1418 4592 Blood
