3000 4994
49 720 71 758 a
92 704 242 770 minabile
261 715 294 772 et
315 706 496 772 insanabile.
540 706 723 772 ¹Prohibuit
744 716 851 771 autem
872 709 941 793 ejus
964 705 1339 794 transgressionemm
1277 705 1357 745 *¹⁸⁸⁸
1366 705 1407 745 ¹¹¹

93 805 297 924 interponens
314 816 458 885 mortem,
479 816 512 873 et
528 829 650 874 cessare
672 808 790 874 taciens
813 815 986 893 peccatum,
1009 808 1104 872 finem
1117 804 1415 873 inferens*-

95 909 126 974 ei
149 932 205 995 per
226 910 331 976 carnis
353 910 586 989 resolutionem,
609 933 680 996 qum
698 911 811 976 tieret
802 933 834 974 rn
849 920 953 985 terra;
976 910 1024 974 uti
1047 932 1175 976 cessans
1195 911 1253 975 ali-

96 1014 222 1099 quando
236 1014 330 1078 homo
344 1013 446 1079 vivere
467 1022 608 1100 peccato,
624 1023 657 1080 et
676 1013 812 1080 moriens
826 1014 865 1093 ei,
881 1014 1033 1100 inciperet
1053 1013 1155 1079 vivere
1171 1013 1251 1080 Deo.

523 1277 625 1343 ΟΑΡ.
648 1275 827 1342 XXXVI.

98 1431 202 1523 Quid
221 1446 271 1508 eet
293 1432 391 1533 quod
411 1458 438 1507 α
458 1433 639 1532 propheta
655 1432 796 1507 dictum
812 1445 871 1524 cel,
890 1432 1016 1533 Super·
1031 1432 1201 1534 aspidem
1217 1448 1250 1509 et

448 1548 658 1624 basiliscum
674 1549 889 1625 ambulabis.

162 1732 395 1814 Qusraonrua
409 1731 604 1797 inimicitiam
619 1733 724 1817 posuit
738 1732 821 1798 inter
834 1741 1011 1818 serpentem
1028 1740 1061 1798 et
1080 1731 1249 1812 mulierem,
1263 1760 1315 1801 oen.
1324 1760 1391 1800 rura

95 1843 131 1901 et
144 1856 251 1900 semen
271 1836 349 1922 ejm,
365 1836 568 1900 observantes
585 1835 735 1902 invicem:
756 1836 827 1900 ⁸illo
842 1836 967 1923 quidem
988 1836 1038 1901 cui
1058 1836 1252 1901 morderetur

95 1938 214 2026 planta,
229 1947 262 2004 et
277 1948 404 2024 potente
419 1938 540 2004 calcare
554 1947 650 2024 caput
664 1939 802 2013 iuimici;
825 1939 924 2005 altero
939 1961 1011 2005 vero
1031 1941 1203 2017 mordente,
1219 1948 1252 2005 et

96 2042 271 2121 occidente,
293 2050 327 2107 et
347 2042 574 2126 interpedieute
596 2042 756 2129 ingressus
782 2042 926 2119 hominis,
946 2043 1147 2129 quoadusque
1166 2043 1252 2108 venit

95 2154 203 2210 semen
218 2144 474 2229 praedestinatum
489 2144 610 2209 mlcare
628 2154 723 2231 caput
737 2145 815 2230 ejus,
830 2145 914 2230 quod
929 2145 1110 2230 luitpertus
1126 2144 1250 2224 Maria,

96 2248 217 2335 dequo
238 2248 284 2312 ait
305 2247 475 2334 propheta:
501 2248 602 2335 Sapor
622 2249 763 2333 aspidem
783 2258 811 2313 et
832 2247 1007 2313 basiliscam
1024 2247 1200 2326 emanata,
1223 2258 1252 2313 ct
1266 2269 1380 2313 arara

96 2349 285 2417 omcalcabe'a
304 2351 415 2416 droam
429 2360 458 2415 et
478 2350 657 2422 drocarum
679 2350 859 2438 significans
873 2350 946 2437 quia
964 2350 1039 2415 illud
1057 2351 1139 2438 quod
1154 2352 1252 2439 erige-

95 2464 181 2520 retur
195 2463 228 2519 et
242 2455 423 2519 dilataretur
435 2454 584 2519 adversus
597 2453 753 2519 homiuem
768 2463 940 2539 peccatum,
959 2463 992 2520 et
1005 2455 1169 2541 ⁸trigidum
1183 2457 1252 2521 red·

96 2558 191 2623 debat
210 2578 292 2634 eum,
313 2564 514 2622 evacuaretur
532 2578 604 2621 oum
618 2564 770 2643 regnante
788 2564 899 2635 morte,
918 2565 951 2621 et
965 2555 1198 2621 conculcaretur
1211 2559 1252 2623 ab

95 2683 134 2727 eo
148 2661 181 2725 in
195 2659 371 2725 novissimis
385 2660 576 2744 temporibus
591 2659 730 2724 insiliens
747 2658 883 2723 humano
903 2659 1009 2746 generi
1025 2659 1101 2738 ⁴le0,
1116 2659 1176 2725 hoc
1191 2669 1251 2738 est,

96 2764 327 2838 Antichristus3
352 2771 385 2829 et
406 2763 571 2828 draconem
593 2762 679 2826 illum
701 2769 876 2846 serpentem
892 2771 1048 2828 vetretum
1062 2762 1203 2850 alligans,
1218 2773 1252 2829 et

95 2866 264 2952 subjiciens
282 2864 430 2951 potestati
445 2864 590 2942 huminis,
609 2865 661 2951 qui
681 2865 783 2929 luerat
796 2864 907 2942 victus,
927 2865 968 2930 ad
986 2864 1166 2930 calcandam
1187 2888 1251 2931 orn-
1265 2884 1384 2927 ruma

95 2993 168 3037 nem
183 2971 251 3056 ejus
264 2970 421 3035 virtutem.
466 2968 581 3034 Victus
594 2977 701 3034 autem
720 2976 788 3034 erat
803 2969 919 3046 Adam,
937 2969 1042 3034 ablata
1059 2970 1152 3034 abeo
1167 2970 1252 3035 omui

96 3073 174 3139 vita:
199 3080 324 3160 propter
338 3072 398 3137 hoc
412 3071 494 3136 ricto
509 3093 614 3136 rursus
629 3071 755 3137 inimico
769 3072 887 3158 recepit
900 3071 997 3136 vitam
1012 3071 1132 3147 Adam;
1156 3075 1251 3137 awis-
1267 3088 1329 3128 1001·
1339 3097 1373 3127 xv·
1384 3088 1415 3128 κ.

95 3177 174 3241 eiuro
188 3176 321 3240 autem
307 3175 435 3239 mirarica
447 3183 616 3238 comantur
628 3197 715 3253 roera,
730 3196 800 3262 quse
815 3174 948 3261 primum
959 3175 1138 3261 possederat
1153 3175 1251 3240 homi-

97 3299 180 3343 nem
214 3279 409 3363 Quapropter
422 3277 552 3342 liberato
564 3276 698 3356 homine,
705 3279 763 3359 fiat
776 3279 858 3363 quod
868 3279 1016 3365 seriptum
1030 3288 1082 3356 eat,
1098 3277 1288 3385 Alapta&
1265 3301 1326 3385 reor.
1335 3309 1370 3339 xv.
1379 3300 1410 3347 u,

99 3391 142 3447 art
158 3403 239 3445 mors
260 3382 295 3444 io
313 3381 453 3445 victoria.
491 3378 573 3444 wa·
588 3390 632 3444 ert
652 3401 732 3445 mors
753 3381 883 3445 victoria
905 3381 981 3445 tau?
1030 3381 1063 3446 U
1061 3381 1091 3446 dr
1112 3391 1155 3447 eet
1174 3349 1288 3447 oerore³⁵

98 3485 222 3551 aculens
242 3483 333 3549 tuae?
378 3483 470 3566 Quod
488 3505 551 3548 non
569 3483 685 3570 poterit
703 3483 788 3568 juste
807 3483 878 3562 dici,
900 3483 928 3549 si
950 3506 1013 3550 non
1033 3484 1083 3551 ille
1104 3484 1253 3551 liberatus

98 3696 149 3746 Per
171 3696 293 3745 iuvidiam
316 3695 443 3760 prodiderit
470 3696 598 3745 Adamana
619 3696 650 3746 ab
700 3696 766 3758 dara,
782 3698 848 3748 dall
862 3697 944 3761 τρόπῳ
959 3716 1004 3747 τινι
1019 3700 1044 3748 ἐν
1057 3700 1189 3758 ὁμοιώματι
1206 3699 1253 3759 ἑξο-

98 3779 182 3829 ardore
197 3779 251 3828 adn
264 3780 397 3843 arctando,
411 3794 495 3842 nempe
509 3794 538 3827 ae
554 3778 651 3828 immor·
701 3782 787 3843 ρισμοῦ
798 3782 912 3844 ἐξέβαλεν
923 3782 995 3830 αὐτὸν
1006 3782 1032 3831 ἐκ
1038 3783 1081 3829 τοῦ
1092 3781 1250 3843 ancdelrou.

97 3859 156 3908 telis
168 3858 242 3921 fieret.
271 3859 314 3907 Ad
336 3874 388 3922 quc
409 3858 487 3908 Mau
508 3858 651 3922 Bor-cepto
702 3861 821 3911 Tutoris.
835 3861 939 3910 addat.
953 3873 982 3909 11.
997 3858 1035 3910 26.

98 3955 235 4003 responsum
239 3956 268 4003 p.
276 3955 304 4003 31
311 3956 332 4001 1,
343 3939 458 4003 requitur,
468 3939 652 4003 quodnmparte
750 3941 761 3974 ²
780 3945 870 3992 ἐκώλυε
881 3945 907 3992 δὲ
919 3944 993 3991 αὐτοῦ
1004 3944 1049 4001 τὴν
1061 3942 1207 4004 παράβασιν.

98 4021 191 4071 Imm
202 4022 262 4070 adeo
275 4038 412 4083 emmeant,
424 4029 452 4071 at
466 4037 494 4071 a
507 4038 532 4071 oo
547 4021 651 4085 dramm-
752 4023 764 4055 ¹
779 4027 822 4074 τοῦ
832 4027 969 4083 μὲν...οῑου
980 4041 1015 4072 τε.

96 4102 154 4152 nese
175 4102 277 4154 diceas:
299 4104 337 4152 Ea
360 4103 389 4152 dr
411 4120 492 4165 cumo,
512 4103 599 4168 inquit,
620 4104 651 4153 od
752 4104 763 4138 ³
774 4105 903 4169 fripidum
919 4104 1041 4166 reddebat,
1062 4105 1190 4167 ἀνέψυξεν,
1211 4103 1254 4154 the

97 4186 183 4235 ardore
198 4185 253 4234 υἱέα
269 4186 379 4247 merent,
395 4203 425 4235 ae
434 4194 551 4251 perpetuo
568 4187 652 4237 viveret
703 4189 794 4239 author
804 4188 898 4252 having
904 4186 1004 4236 written
1012 4188 1183 4250 ἅπεψύχωσεν.
1204 4186 1255 4236 For

97 4268 127 4317 ia
144 4275 247 4331 peccam
268 4275 367 4331 aretque
386 4268 465 4332 ipsius
483 4269 581 4318 aalma
600 4285 652 4317 ura
703 4271 777 4321 atha
789 4270 889 4319 Ossan.
903 4269 960 4321 MS.
974 4267 1155 4333 repentequod.

97 4350 214 4413 cumipse
225 4350 376 4411 immorata,
390 4352 431 4400 de.
456 4350 517 4400 Vide
525 4350 649 4414 idtplura.
753 4351 873 4400 ‘AKssN
897 4351 1007 4414 (δράκων)
1028 4366 1088 4415 may
1109 4350 1173 4399 have
1192 4350 1254 4401 been

98 4433 203 4483 Garun.
234 4433 284 4481 Kal
301 4434 374 4482 τοῦτο
392 4435 418 4482 δὲ
437 4435 450 4484 d
467 4436 526 4484 Θεὸς
542 4435 653 4495 μεγάλην
703 4434 762 4484 real
773 4450 801 4482 as
812 4434 913 4483 ΛΕΩΧ(

99 4516 238 4576 εὐεργεσίαν
249 4514 359 4577 πάρεσχε
378 4512 414 4576 τῷ
433 4517 558 4579 ἀνθρώπῳ,
573 4517 602 4564 τὸ
618 4516 652 4575 μὴ
752 4514 833 4564 ”rue
849 4532 916 4565 same
929 4514 1026 4580 change
1037 4515 1063 4565 in
1079 4514 1122 4566 tho
1133 4514 1214 4565 words
1229 4515 1258 4564 ot

99 4597 216 4655 διαμεῖναι
227 4597 299 4645 αὐτὸν
317 4598 349 4648 etr
365 4599 407 4646 τὸν
423 4599 498 4648 αἰῶνα
510 4600 535 4648 dr
546 4598 651 4661 ἁμαρτίᾳ
704 4595 831 4661 Scripture
841 4613 926 4648 recuro
937 4602 964 4647 at
975 4614 999 4661 p.
1011 4611 1068 4662 419,
1082 4595 1115 4647 G.

201 4702 274 4749 voc.
294 4704 328 4750 u.
1132 4684 1153 4749 9
