3000 4994
666 382 746 437 Lot.
1220 368 1289 434 253

131 536 211 601 ¹Dei
234 536 459 621 supervenisse,
484 536 629 601 dicebant
653 536 732 602 haec.
768 538 983 623 ²Quapropter
999 543 1036 602 'et
1057 540 1134 622 ipsae
1159 556 1289 601 excusa-
1324 545 1429 631 3333}

130 639 208 704 biles
222 650 306 718 sunt,
320 640 507 704 arbitrantes
521 661 556 703 se
571 639 653 704 solas
667 638 793 704 relictas
808 662 878 704 cnm
897 648 985 725 patre
1000 661 1057 704 suo
1072 639 1112 703 ad
1127 660 1288 704 conserva·
1310 638 1440 727 filglj'ffi

131 742 247 806 tionem
270 743 393 828 generis
415 742 553 820 humani,
577 751 609 806 et
629 752 755 828 propter
773 742 833 808 hoc
854 742 1135 807 circumveniebant
1155 750 1287 826 patrem.
1305 731 1450 814 „¹2²-

132 845 196 910 Per
214 847 307 910 verba
325 854 431 910 autem
445 867 552 910 earum
566 846 811 932 significabatur,
831 846 986 910 neminem
1000 868 1069 911 esse
1086 845 1219 910 altemm
1234 845 1287 930 qui

131 948 230 1032 possit
244 947 377 1012 filiorum
395 949 628 1034 generationem
643 949 753 1034 majori
768 959 801 1013 et
815 948 926 1014 minori
945 970 1113 1036 synagogae
1128 957 1287 1035 praestare,

131 1054 249 1135 ³quam
265 1050 393 1115 Patrem
407 1059 559 1116 nostrum.

197 1155 228 1218 2.
271 1153 368 1218 Pater
385 1161 492 1218 autem
514 1152 639 1241 generis
660 1153 787 1218 humani
806 1153 950 1219 Verbum
971 1153 1052 1219 Dei:
1088 1154 1287 1240 quemadmo-

131 1254 205 1319 dum
229 1256 357 1342 Moyses
381 1256 518 1321 ostendit
544 1256 669 1321 dicens:
704 1258 815 1322 Nonne
842 1258 891 1322 tto
916 1258 980 1344 e'pse
1001 1258 1102 1322 Pater
1127 1267 1196 1321 tuus
1216 1258 1452 1343 ⁴qoi1>encmus

124 1358 257 1442 possedit
280 1368 317 1436 te,
345 1368 373 1422 et
386 1359 467 1443 fecit
491 1368 528 1437 te,
556 1368 584 1422 et
607 1360 723 1424 erescit
743 1358 802 1424 te?
847 1360 979 1442 Quando
1003 1360 1099 1446 igitur
1121 1359 1172 1424 hic
1195 1360 1288 1425 vitale

130 1481 247 1539 semen,
269 1460 319 1523 bid
334 1468 393 1539 est,
415 1460 568 1545 Spiritum
588 1460 779 1526 remissionis
796 1470 993 1546 peecatorum
1014 1485 1069 1549 per
1085 1484 1178 1549 quem
1193 1462 1289 1526 vivili-

131 1582 247 1641 camur,
260 1562 368 1627 effudit
379 1561 411 1625 in
423 1562 595 1626 humanum
609 1565 729 1649 genus?
749 1585 852 1628 noune
863 1571 938 1628 tuuc
949 1568 1037 1628 6cum
1047 1565 1289 1628 convescebatur

131 1685 203 1728 cum
214 1665 400 1741 hominibus,
411 1674 443 1729 et
454 1665 580 1730 bibebat
591 1665 696 1729 viuum
709 1664 740 1729 iu
749 1667 847 1731 terret
856 1665 953 1745 Venit,
967 1667 1049 1731 enim
1062 1667 1172 1751 inquit,
1183 1666 1288 1731 Filius
1300 1677 1355 1717 Met*
1372 1675 1403 1716 ¹¹-
1414 1677 1444 1717 ¹⁹·

131 1768 273 1833 Hominis
293 1770 482 1833 rrmnducam
503 1779 531 1833 et
553 1767 671 1833 bidem:
695 1777 728 1834 et
749 1791 822 1834 cum
835 1769 1029 1835 recubuisset
1042 1769 1238 1847 obdormivit,
1254 1778 1287 1834 et

131 1872 293 1934 ⁷somnum
309 1870 401 1957 cepit.
435 1870 703 1953 Quemadmodum
714 1872 780 1958 ipse
795 1873 828 1935 in
843 1872 946 1938 David
958 1873 1052 1938 dicit:
1075 1873 1141 1958 Ego
1156 1872 1288 1937 derrrrini
1299 1880 1331 1920 P*
1341 1876 1397 1919 Μ

133 1973 320 2037 et⁷somnum
336 1975 412 2059 cepi.
443 1973 488 2038 Et
499 1973 645 2059 quoniam
656 1973 689 2037 in
700 1984 808 2039 nostra
818 1974 1097 2040 communicatione
1108 1984 1141 2040 et
1152 1975 1217 2040 vito
1228 1975 1288 2041 hoc

131 2077 256 2162 agebat,
272 2076 385 2140 iterum
399 2076 462 2142 ait:
487 2076 531 2140 Et
544 2098 663 2141 sororum
678 2100 759 2142 urens
771 2079 875 2142 suecis
889 2078 1077 2163 ravitifactns
1092 2090 1142 2145 est.
1173 2079 1289 2147 Totum
1299 2084 1342 2125 ¹⁰¹·
1351 2084 1410 2124 ¹¹¹¹·
1419 2085 1448 2125 ⁹⁸

131 2188 237 2242 autem
256 2178 490 2264 significabatur
510 2201 565 2264 per
587 2179 659 2258 Lot,
683 2179 828 2264 quoniam
847 2202 955 2245 semen
972 2181 1071 2267 patris
1085 2181 1234 2260 omnium,
1256 2182 1289 2249 id

132 2289 191 2359 est,
206 2280 340 2367 Spiritus
354 2280 425 2360 Dei,
442 2303 496 2367 per
511 2282 700 2367 quemfacta
715 2291 788 2347 suut
803 2283 917 2359 omnia,
933 2283 1122 2348 commixtus
1135 2292 1168 2348 et
1182 2285 1290 2350 unitus

133 2391 182 2448 est
206 2383 319 2461 ⁸cami,
341 2385 402 2449 hoc
428 2392 487 2464 est,
513 2384 657 2470 plasmati
683 2407 758 2450 suo:
790 2407 958 2471 perquam
981 2384 1235 2450 commixtionem
1257 2394 1290 2452 et

132 2485 286 2552 unitatem
300 2487 370 2551 duae
384 2508 561 2574 synagogae,
578 2487 609 2551 id
624 2495 672 2551 est
687 2487 757 2551 duae
768 2486 1034 2574 congregationes,
1049 2487 1290 2554 lfructificantes

133 2611 173 2654 ex
197 2598 285 2674 patre
308 2611 366 2655 suo
390 2589 470 2655 filios
494 2590 580 2655 vivos
601 2588 668 2655 vivo
692 2589 772 2655 Deo.
830 2589 875 2654 Et
897 2612 968 2655 cum
989 2590 1058 2656 haec
1080 2591 1189 2656 fierent
1211 2612 1290 2656 uxor

182 2793 192 2825 ¹
210 2793 266 2853 Dei,
287 2794 392 2858 missing
411 2795 438 2843 io
455 2795 499 2843 the
517 2795 618 2844 Cossu.
638 2794 688 2844 aud
738 2796 876 2860 requirunt.
912 2796 965 2845 Ubi
977 2796 1016 2845 hic
1028 2795 1135 2844 libidinis
1147 2796 1234 2861 culpal
1245 2797 1289 2847 ubi

134 2875 215 2925 Voss.
228 2876 404 2936 MSS.,which
415 2876 467 2925 also
479 2877 541 2925 omit
552 2893 626 2940 getam
636 2877 686 2926 Pc-
737 2878 825 2927 incesti
844 2881 936 2928 crimen
955 2880 1085 2944 arguitur?
1103 2880 1227 2944 quomodo
1247 2879 1290 2928 da·

134 2962 192 3006 trem
203 2965 316 3018 andrum,
331 2959 418 3008 below.
737 2961 805 3010 bitur
816 2962 885 3021 vitio,
902 2961 969 3026 quod
982 2978 1033 3011 unu
1047 2962 1152 3011 iteratur
1165 2963 1190 3010 in
1205 2962 1289 3013 facet

182 3037 194 3070 ²
211 3039 269 3087 Post
287 3039 407 3088 Irenoeum
418 3040 510 3088 eaedem
524 3048 617 3089 mosot
632 3039 685 3090 Ori<
736 3043 776 3091 At
792 3042 839 3091 tac
858 3043 969 3105 Origene&
986 3043 1101 3092 mummia
1114 3058 1163 3091 raon
1178 3042 1291 3092 recedent

132 3136 202 3183 perus
218 3120 257 3169 ltu
274 3121 366 3171 verbis:
382 3123 524 3171 Audieraut
536 3123 562 3170 in
576 3123 625 3171 fine
642 3139 685 3171 sae·
738 3123 923 3186 Ubrysoatmnua,
934 3123 1098 3184 Theodoreus,
1108 3123 1287 3189 etAmbroer‘roe,

134 3202 184 3251 culi
206 3207 299 3250 terram
321 3207 347 3252 et
369 3204 454 3251 omnia
478 3204 598 3252 elementa
619 3204 685 3268 ignis
737 3204 779 3255 zib.
792 3218 822 3254 11.
836 3205 1010 3253 delibratam.
1036 3205 1156 3255 Fuusuu.

133 3284 222 3333 ardore
243 3284 409 3348 decoquenda.
448 3285 577 3334 Videbaut
593 3286 684 3348 ignem,
786 3284 886 3348 ³quum
898 3286 930 3336 P.
943 3303 968 3335 a.
982 3286 1087 3334 omitted
1099 3286 1153 3346 (212,
1167 3287 1248 3337 Voss,

135 3365 252 3413 videbant
265 3365 412 3429 sulphureas
429 3366 550 3426 flammas,
570 3367 688 3416 videbant
785 3366 916 3430 ‘possedit
938 3373 966 3429 te,
990 3367 1078 3418 LXX.
1109 3369 1229 3428 ἐκτήσατὸ
1250 3385 1287 3428 σε,

134 3452 225 3495 cuncta
243 3448 344 3507 vastari,
367 3454 474 3496 matrem
495 3464 594 3511 quoque
616 3464 687 3497 suam
737 3451 788 3521 ηξξ
800 3449 818 3498 i.
829 3465 848 3499 e.
868 3449 995 3513 possessed
1010 3466 1037 3498 as
1051 3465 1067 3498 a
1083 3450 1164 3498 father
1177 3451 1216 3499 bis
1234 3466 1288 3511 sou,

134 3529 253 3578 videbant
273 3546 325 3577 non
349 3546 402 3578 esse
427 3531 557 3579 salvatam.
604 3529 687 3595 Suspi·
736 3529 922 3592 bygerreration.
958 3529 1040 3594 Seep.
1056 3540 1109 3591 157,
1124 3546 1149 3579 n.
1164 3543 1187 3592 5.

134 3615 196 3659 catae
207 3615 268 3659 sunt
284 3612 335 3659 tale
348 3611 442 3674 aliquid
455 3611 559 3671 laetum,
573 3611 646 3674 quale
661 3612 686 3661 iu
785 3610 796 3641 ⁶
812 3611 841 3659 id
849 3611 978 3673 carelessly
987 3610 1092 3659 omitted
1103 3611 1129 3658 in
1137 3612 1179 3659 the
1189 3610 1288 3661 OLERE.

133 3693 287 3754 temporibus
301 3693 431 3741 audierant
445 3693 510 3753 Noe,
526 3699 552 3742 et
569 3694 601 3742 ob
616 3709 686 3758 repa·
736 3709 807 3757 copy.
842 3693 895 3741 'l'he
909 3692 990 3741 words
1008 3697 1069 3741 next
1082 3692 1209 3754 following
1224 3707 1290 3739 seem

133 3774 237 3822 randsrn
248 3775 392 3823 mortalium
404 3775 574 3838 posteritatem
585 3774 649 3823 solas
660 3790 688 3823 se
736 3779 763 3822 to
770 3774 873 3822 confirm
883 3774 925 3823 the
933 3773 1036 3835 reading
1043 3771 1194 3821 eentmutotio
1201 3772 1288 3831 abero,

133 3871 251 3904 esseeum
259 3862 489 3919 parenteservatas.
514 3855 687 3920 Recuperandi
736 3872 760 3920 p.
777 3870 830 3917 131,
845 3872 870 3904 n.
884 3857 907 3904 8.

134 3937 686 4000 igiturhumanigenerisdesideriumsumunt.
786 3936 797 3969 ⁶
813 3939 864 3987 AB.
877 3944 934 3985 turre
945 3936 1134 3986 concremabatur.

134 4018 169 4065 Et
180 4019 294 4080 quamvis
309 4035 384 4081 grave
400 4020 434 4067 eis
447 4019 571 4067 videretur
584 4019 685 4078 crimen,
786 4019 796 4054 ⁷
814 4019 914 4068 Cunus.
932 4018 1052 4066 sorrentum
1063 4018 1089 4065 in
1100 4018 1161 4066 both
1172 4016 1261 4080 plsees.

134 4099 211 4148 furari
222 4102 383 4150 concubitum
392 4103 483 4166 patris;
497 4103 596 4166 gravior
602 4108 686 4151 tamen
787 4099 798 4132 ⁸
814 4100 885 4149 corni
902 4100 945 4148 loc
961 4107 1000 4158 eet,
1015 4099 1118 4147 omitted
1135 4100 1159 4147 in
1177 4098 1220 4147 the
1236 4100 1289 4149 AB.

134 4182 267 4231 videbatur
283 4185 405 4247 impietas,
424 4185 445 4233 si
458 4186 574 4234 humanas
586 4185 688 4248 posteri·
737 4182 801 4230 from
812 4197 955 4229 recurrence
967 4181 995 4229 of
1004 4182 1047 4229 the
1058 4181 1133 4228 latter
1144 4180 1220 4228 word.

135 4265 195 4312 tatis
212 4281 290 4328 spem,
310 4271 410 4314 servata
428 4267 551 4325 castitate,
570 4265 686 4317 delerent
786 4263 987 4326 ⁰fructificantes
1007 4279 1042 4312 ee.
1086 4263 1186 4312 Cusum.
1203 4261 1291 4324 justiti·

136 4345 220 4393 Patris
231 4348 377 4396 moestitiam
389 4348 428 4395 vel
439 4349 544 4410 rigorem
556 4347 615 4394 vino
626 4345 687 4394 mol·
737 4352 803 4394 cato.
832 4345 1291 4408 Thotcrmouvsyupbisasynonym

135 4426 201 4476 liunt
213 4434 238 4476 et
249 4428 362 4478 solvunt:
379 4430 483 4492 singulis
499 4430 615 4492 ingressae
630 4443 688 4476 noc·
738 4428 767 4475 of
775 4427 870 4476 scelestis
875 4446 886 4482 ,·
899 4443 939 4475 see
951 4444 974 4491 p.
989 4425 1249 4489 22,and17,n.1.id
1260 4432 1291 4475 eet

136 4510 211 4569 tibus,
234 4511 338 4573 singulm
355 4512 494 4575 suscipiunt
510 4512 542 4559 ab
559 4511 689 4573 ignorante
739 4510 794 4558 due
805 4509 1000 4572 congregationes,
1014 4526 1072 4575 may
1085 4509 1116 4559 be
1127 4509 1205 4575 safely
1216 4508 1291 4559 reler-

136 4598 294 4665 conceptum.
331 4594 407 4644 Ultra
424 4609 475 4642 non
493 4596 617 4657 repetunt,
638 4606 690 4643 neu
738 4591 990 4657 redtothemargin.
