3000 4994
607 386 823 441 Parnasum.
1232 372 1298 438 145

146 539 369 628 Blasphemant
383 548 488 606 autem
499 547 532 606 et
543 540 576 605 in
591 541 762 606 Dominum
776 548 929 621 nostrum,
943 540 1161 607 abscindentes
1175 547 1208 607 et
1222 540 1299 605 divi-
1333 561 1387 601 ara.
1396 560 1435 601 iv.

145 643 255 708 dentes
270 642 294 706 J
296 665 383 708 esum
408 664 429 709 a
444 644 579 721 (lhristo,
594 652 628 710 et
643 644 801 711 Christum
823 667 844 710 a
864 643 1035 723 Salvatore,
1050 652 1082 710 et
1106 644 1298 710 Salvatorem
1307 638 1452 650 *-

144 769 267 811 rursum
289 769 310 812 a
333 747 450 827 Verbo,
471 755 504 812 et
525 749 666 813 Verbum
685 750 726 814 ab
750 748 934 836 Unigenito.
979 748 1025 813 Et
1039 747 1299 834 quemadmodum

145 849 362 915 fabricatorem
394 872 435 916 ex
464 850 533 917 labe
563 851 628 917 sive
658 852 831 918 delectione
856 852 1005 918 emissum
1039 852 1156 930 dicunt,
1190 851 1235 917 sic
1250 851 1299 934 fet

147 954 306 1019 Christum
322 963 354 1019 et
370 954 522 1040 Spiritum
536 965 678 1021 sanctum
695 963 821 1041 propter
834 955 937 1020 lahem
951 955 1100 1021 emissum
1115 955 1297 1032 docuerunt,

146 1063 179 1121 et
194 1056 385 1123 Salvatorem
407 1059 448 1123 ab
469 1059 519 1123 his
534 1059 695 1123 AEonibus
716 1058 769 1144 qui
790 1062 830 1123 ¹a
848 1058 917 1123 labe
939 1058 1044 1125 emissi
1062 1067 1147 1139 sunt,
1169 1057 1298 1123 fructifi-

59 1184 125 1231 ms.
146 1162 301 1227 catiouem
315 1184 404 1237 esse3
430 1169 466 1226 ut
481 1162 523 1225 nil
538 1162 580 1226 sit
594 1161 678 1248 apud
691 1183 746 1226 eos
760 1161 827 1226 sine
841 1161 1043 1247 blasphemia.
1090 1162 1130 1225 ln
1143 1183 1181 1227 eo
1201 1161 1298 1247 igitur

146 1264 197 1349 qui
212 1272 286 1328 ante
300 1264 383 1328 hunc
398 1272 447 1329 est
459 1264 537 1329 libro
552 1272 678 1328 ostensa
692 1271 741 1328 est
756 1263 795 1329 de
812 1263 861 1328 his
878 1264 1022 1329 omnihus
1037 1264 1194 1329 sententia
1208 1265 1297 1349 Apo-

145 1365 306 1446 stolorum,
330 1367 476 1453 quoniam
502 1388 565 1433 non
591 1366 691 1432 solum
709 1367 784 1431 nihil
805 1367 867 1431 tale
885 1375 1049 1433 senserunt
1064 1368 1119 1454 qui
1141 1367 1180 1432 ab
1206 1367 1416 1433 toronum

145 1470 362 1555 ²speeuhrtores
376 1481 405 1535 ct
418 1471 554 1536 ministri
565 1471 702 1554 fuerant
715 1468 800 1534 corbi
814 1470 971 1545 veritatis;
994 1470 1049 1536 sed
1064 1479 1097 1536 et
1111 1470 1298 1557 praedicave-

59 1591 76 1631 ι.
85 1592 129 1633 aaa
145 1581 219 1638 runt
233 1574 323 1640 nobis
337 1575 443 1662 fugere
454 1572 631 1659 hujusmodi
645 1572 827 1652 sententias,
844 1572 961 1659 Spiritu
972 1572 1168 1659 providentes
1177 1595 1232 1639 eos
1243 1573 1296 1662 qui

144 1676 302 1742 seductori
317 1686 406 1743 erant
421 1676 633 1763 simpliciores.

210 1783 243 1845 3.
276 1779 544 1862 Quemadmodum
559 1779 642 1844 enim
655 1801 783 1866 serpens
799 1778 900 1845 Evam
920 1779 1054 1858 seduxit,
1069 1779 1254 1865 promittens
1267 1779 1296 1845 ei
1308 1794 1427 1836 ouius

146 1881 229 1967 quod
246 1903 309 1946 non
329 1883 465 1948 hahebat
482 1882 569 1969 ipse3
589 1882 635 1947 sic
655 1890 688 1947 et
703 1881 755 1946 ⁸hi
768 1882 998 1969 praetendentes
1018 1882 1167 1968 majorem
1184 1882 1297 1970 agniti-

146 2007 238 2050 onem
252 1993 285 2050 et
302 1984 450 2072 mysteria
465 1984 691 2064 inenarrabilia,
709 1992 742 2049 et
756 1984 974 2071 promittentes
988 2005 1056 2048 eam
1073 2006 1166 2070 quam
1188 1985 1297 2051 dicunt

146 2086 228 2153 intra
244 2088 390 2153 Pleroma
406 2110 475 2153 esse
495 2087 713 2174 receptionem,
736 2087 769 2151 in
792 2095 924 2152 mortem
945 2087 1129 2175 demergunt
1150 2087 1210 2152 sibi
1230 2110 1296 2154 cre-

146 2191 265 2268 dentes,
280 2198 441 2277 apostatas
454 2211 509 2255 eos
521 2190 746 2255 constituentes
765 2191 806 2254 ab
827 2211 865 2254 eo
888 2189 940 2276 qui
958 2210 1013 2254 eos
1034 2188 1116 2254 fecit.
1162 2189 1206 2254 Et
1221 2197 1296 2256 tunc

145 2294 270 2380 quidem
289 2301 434 2380 apostata
454 2294 584 2380 angelus
603 2314 658 2379 per
680 2302 855 2379 serpentem
875 2292 1116 2358 inobedientiam
1135 2293 1296 2358 hominum
1309 2297 1451 2397 muti*

144 2405 299 2484 operatus,
315 2397 506 2462 existimavit
527 2397 625 2462 latere
646 2418 681 2461 se
697 2396 883 2461 Dominum:
905 2403 1092 2481 quapropter
1113 2396 1244 2461 eandem
1266 2396 1296 2462 ei
1339 2386 1345 2396 ’

144 2501 275 2566 sormam
298 2507 330 2564 et
353 2499 591 2586 appellationem
614 2498 723 2565 tribuit
743 2499 841 2563 Deus.
887 2497 980 2563 Nunc
1005 2506 1121 2576 autem,
1150 2498 1297 2584 quoniam

143 2603 313 2669 novissima
326 2610 400 2667 sunt
415 2610 565 2688 tempora,
581 2601 760 2666 extenditur
773 2601 889 2665 malum
904 2601 936 2664 in
951 2600 1102 2678 homines,
1118 2622 1181 2665 non
1195 2601 1297 2665 solum

143 2714 305 2792 apostatas
319 2726 373 2770 eos
387 2704 515 2780 faciens,
530 2704 586 2768 sed
606 2710 639 2768 et
657 2703 855 2789 blasphemos
873 2702 907 2766 in
924 2702 1142 2788 plasmatorem
1160 2701 1296 2767 instituit

144 2809 251 2873 multis
265 2807 558 2883 machinationibus,
574 2806 606 2870 id
626 2813 686 2884 est,
704 2827 760 2892 per
779 2827 888 2871 omnes
906 2806 1069 2871 haereticos
1089 2807 1141 2894 qui
1155 2806 1295 2892 praedicti

143 2919 227 2976 sunt.
273 2911 318 2975 Hi
334 2911 417 2974 enim
432 2931 549 2986 omnes,
563 2910 703 2995 quamvis
717 2932 757 2975 ex
771 2908 982 2975 differentibus
995 2909 1072 2975 locis
1087 2910 1295 2997 egrediantur,

143 3021 176 3079 et
191 3012 363 3077 differentia
378 3012 520 3089 doceant,
535 3011 567 3075 in
582 3011 665 3075 idem
680 3020 785 3077 tamen
800 3010 1001 3098 blasphemiae
1018 3021 1206 3078 concurrunt
1225 3035 1297 3099 pro-

143 3116 290 3202 positum,
316 3115 450 3180 letaliter
475 3115 682 3193 vulnerantes,
714 3115 854 3181 docendo
880 3116 1105 3201 blasphemiam
1132 3118 1164 3181 in
1191 3116 1297 3182 Deum

143 3220 292 3284 factorem
312 3225 345 3282 et
368 3218 550 3283 nutritorem
571 3227 723 3297 nostrum,
747 3225 781 3283 et
800 3219 977 3306 derogando
997 3218 1130 3284 salutem
1152 3219 1295 3286 hominis.

145 3322 252 3387 Homo
267 3329 316 3386 est
329 3331 435 3387 autem
450 3321 635 3406 temperatio
649 3321 762 3387 animae
777 3331 809 3386 et
824 3323 937 3401 carnis,
952 3323 1006 3409 qui
1025 3324 1196 3389 secundum
1211 3325 1297 3390 simi·

143 3424 303 3489 litudinem
319 3424 379 3488 Dei
395 3424 546 3487 formatus
560 3431 618 3499 est,
634 3431 666 3488 et
681 3444 737 3510 per
751 3444 862 3488 manus
881 3424 949 3509 ejus
969 3426 1141 3511 plasmatus
1158 3435 1218 3504 est,
1236 3429 1296 3494 hoc

143 3536 202 3606 est,
223 3549 278 3614 per
294 3528 408 3592 Filium
424 3534 458 3591 et
473 3526 622 3613 Spiritum
638 3530 809 3603 ⁴sanotum,
826 3527 938 3613 quihus
952 3536 985 3593 et
1004 3529 1102 3595 dixit:
1126 3531 1296 3597 Faciamus
1308 3547 1424 3588 <team

143 3632 301 3697 heroicam.
345 3630 419 3695 Hoc
433 3650 507 3717 ergo
520 3629 714 3714 propositum
729 3636 779 3694 est
793 3628 862 3715 ejus
882 3630 934 3718 qni
950 3630 1022 3696 vitae
1038 3641 1153 3698 nostrae
1167 3633 1294 3714 invidet,

191 3867 201 3900 ¹
218 3868 271 3917 'l'he
284 3866 362 3916 entire
377 3867 499 3926 Pleroma,
514 3865 539 3914 in
555 3881 571 3914 a
581 3864 696 3914 modified
744 3866 808 3915 mibi
817 3867 915 3916 arellium
925 3866 1028 3916 domum
1038 3875 1077 3929 ert,
1091 3867 1151 3931 quio
1161 3868 1192 3917 ab
1203 3868 1296 3918 Irenaeo

143 3951 239 4015 degree,
259 3947 390 3998 amanated
406 3947 434 3996 iu
447 3946 519 3997 hoba.
556 3946 609 3995 'l'lrc
620 3947 696 3997 πάθος
745 3949 806 4000 dicti
827 3951 876 3999 rint
898 3952 920 3999 ol
947 3950 991 3998 ἀπ’
1011 3951 1088 4012 αρχῆς
1111 3951 1230 3999 αὐτόπται
1255 3952 1296 4000 καὶ

143 4035 173 4082 of
186 4033 278 4097 Sophia
289 4047 340 4080 was
355 4028 501 4093 aboriglnal,
511 4028 559 4077 and
571 4028 696 4092 pervaded
745 4034 862 4095 ὑπηρέται
878 4034 1000 4095 γενόμεναι
1011 4034 1146 4093 τοῦλόγου,
1164 4048 1192 4080 α
1202 4032 1262 4083 laus.
1276 4034 1294 4084 i.

143 4116 186 4164 the
204 4115 282 4163 entire
295 4112 362 4176 body
376 4111 404 4159 ol
419 4110 507 4159 AEons.
543 4109 588 4158 See
601 4109 661 4159 Vol.
675 4122 694 4160 1.
745 4129 768 4176 a,
784 4130 851 4178 quem
868 4114 947 4162 mum
963 4112 1056 4162 idaim
1074 4112 1201 4162 mactare
1217 4114 1296 4163 cisum

142 4193 236 4328 ἴγζόί
248 4212 276 4342 ξι·
290 4208 314 4257 ⁵⁹
328 4208 383 4259 ³⁰⁹¹
396 4209 422 4242 '¹'
439 4210 463 4253 ⁴'
477 4205 533 4253 ³²¹'
552 4190 602 4239 ⁸¹²⁶
614 4191 693 4239 Tm·
738 4238 802 4302 san.
821 4238 923 4287 cares.
954 4236 987 4285 so
1001 4236 1044 4285 us
1056 4213 1295 4311 syrmsulssp„

191 4359 203 4392 ¹
219 4360 386 4425 speculatores
397 4357 550 4407 etministri.
576 4354 694 4405 Ἔπισκό·
742 4342 887 4399 walw-
908 4363 912 4369 ·

143 4461 202 4493 τους
213 4444 253 4491 καὶ
264 4443 384 4492 διακόνους
396 4440 474 4490 Groecc
484 4439 606 4487 Irenaeum
620 4437 695 4500 scrip·
793 4415 804 4448 ⁸
820 4416 852 4465 1¹¹
865 4415 969 4465 fflffli‘ffi
980 4418 1007 4463 ω
1017 4414 1060 4463 the
1072 4413 1171 4479 Ophll‘b
1186 4426 1204 4464 ¹·
1220 4427 1277 4475 ς4ῐ·

142 4525 200 4575 risse
218 4523 355 4586 conjecerit
372 4522 400 4570 ἰα
417 4520 527 4583 πιανρίαα
547 4519 588 4569 rui
605 4518 695 4568 Innoei
792 4512 1293 4564 ⁴Saactumisinsertedfromthecn.MS.

143 4605 295 4659 nomm
315 4603 451 4655 daedala
472 4603 617 4653 Pcormuc.
646 4599 695 4650 Sed
743 4597 802 4647 Obs.
815 4597 890 4661 again
901 4594 1281 4660 thogresttsnetofourtaith.
