3000 4994
230 309 296 385 1824
694 331 769 383 unx
794 329 915 383 annm

89 509 143 550 mn.
155 509 194 548 1v.

114 567 164 594 xxv.

686 575 786 641 OAP.
810 573 930 638 XXV.

80 649 207 734 nltlll‘v.

69 741 220 824 Σὲ,
235 736 361 827 Quare
373 732 470 831 fecit
492 732 595 808 Deus
619 732 808 820 hominem,
835 746 867 806 et
890 745 1021 831 potres
1042 730 1155 830 clepit,
1182 744 1214 806 ct
1239 756 1304 805 cos
1329 757 1388 805 uo·

317 848 422 943 cauit,
451 848 592 949 etquid
612 861 765 949 prestat
783 875 827 923 ca
851 875 929 947 quor
946 862 994 923 est
1012 848 1066 922 od
1082 848 1207 950 Deum
1223 847 1384 938 schottus,

317 981 349 1042 et
367 992 482 1066 qnare
499 965 584 1041 talis
601 967 658 1042 len
671 966 808 1066 popolo
825 966 919 1040 dota
936 979 995 1041 cst.

237 1140 361 1206 Icrrun
375 1140 474 1220 initio,
488 1161 552 1206 uon
566 1140 654 1227 quasi
668 1139 812 1229 indigens
826 1140 914 1206 Deus
927 1140 1072 1221 hominis,
1088 1140 1252 1227 plasmavit
1268 1140 1385 1218 Adam,

234 1245 290 1309 sed
304 1251 340 1309 ut
351 1244 481 1309 haberet
495 1242 528 1307 in
543 1264 635 1328 quem
652 1242 816 1309 collocaret
830 1265 888 1309 sua
900 1243 1061 1309 beneficia.
1094 1243 1136 1307 1Ν
1138 1264 1179 1309 on
1192 1242 1275 1308 enim
1287 1243 1388 1308 solum

235 1354 308 1411 ante
323 1346 440 1425 Adam,
455 1346 511 1410 sed
525 1353 558 1411 et
572 1353 646 1410 ante
666 1366 791 1411 omnem
808 1345 1016 1411 conditionem
1033 1344 1227 1433 glorificabat
1243 1345 1386 1409 Verbum

236 1450 365 1515 Patrem
390 1472 492 1527 suum,
519 1471 649 1514 manens
671 1448 704 1512 in
727 1468 785 1524 θος
821 1448 942 1534 etipse
971 1471 991 1513 a
1021 1449 1118 1514 Patre
1150 1448 1387 1525 clarificabatur,

71 1575 203 1617 uranus
235 1553 494 1638 quemadmodum
509 1553 575 1638 ipse
589 1552 652 1617 ait:
676 1552 786 1631 Pater,
802 1551 939 1636 christos
959 1574 1006 1617 mc
1020 1552 1170 1631 claritate,
1190 1574 1282 1638 quom
1295 1550 1390 1614 bubni

235 1657 341 1745 mpod
353 1667 381 1721 tc
389 1658 574 1744 priusquam
589 1657 825 1737 ruccdocficret.
853 1655 920 1720 Nec
935 1662 1041 1721 nostro
1056 1656 1228 1720 ministerio
1245 1655 1389 1741 indigens

232 1761 327 1848 jussit
349 1768 385 1824 ut
399 1780 472 1824 eum
495 1779 712 1843 sequeremur;
742 1757 798 1822 sed
818 1757 926 1822 ³n0bis
949 1757 1025 1844 ipsis
1048 1758 1222 1822 attribuens
1244 1756 1389 1822 salutem.

237 1863 333 1950 Sequi
347 1862 430 1926 enim
449 1860 650 1938 salvatorem,
666 1860 850 1945 participare
872 1868 921 1926 est
943 1861 1093 1925 salutem:
1117 1870 1150 1925 et
1168 1861 1256 1946 sequi
1274 1859 1388 1939 lumen,

236 1966 413 2053 ‘percipere
432 1973 482 2029 est
496 1963 610 2030 lumen.
655 1963 715 2047 Qui
730 1973 835 2028 autem
858 1964 890 2028 in
904 1964 1020 2029 lumine
1034 1974 1118 2042 sunt,
1134 1986 1196 2029 non
1211 1964 1269 2049 ipsi
1284 1964 1389 2028 lumen

236 2068 421 2145 illuminant,
436 2068 492 2132 sed
513 2064 725 2131 illuminantur
736 2075 768 2131 et
783 2065 975 2131 illustrantur
989 2069 1029 2131 ab
1052 2088 1108 2132 eo:
1133 2065 1192 2152 ipsi
1215 2066 1338 2152 quidem
1360 2066 1388 2130 ei

237 2170 313 2235 nihil
341 2174 502 2257 praestant,
532 2168 716 2233 beneficium
750 2177 855 2233 autem
891 2169 1095 2255 percipientes
1131 2170 1342 2234 illuminantur
1370 2191 1391 2233 a

236 2273 361 2342 lumine.
399 2271 452 2337 Sic
467 2278 499 2336 et
513 2270 646 2336 servitus
660 2293 735 2358 erga
749 2271 863 2350 Deum,
877 2271 946 2336 Deo
958 2272 1082 2358 quidem
1093 2272 1168 2335 nihil
1182 2281 1319 2359 praestat‚
1333 2294 1390 2337 nec

238 2400 316 2463 opus
330 2384 380 2442 est
394 2376 464 2441 Deo
479 2375 614 2440 humano
629 2375 795 2461 obsequio;
820 2376 886 2461 ipse
908 2384 1014 2440 autern
1035 2377 1236 2462 sequentihus
1250 2385 1282 2440 et
1297 2377 1391 2441 servi-

237 2482 361 2547 entibus
377 2480 419 2557 ei,
436 2480 532 2546 vitam
554 2487 587 2543 et
604 2479 843 2565 incorruptelam
862 2488 894 2544 et
916 2480 1046 2566 gloriam
1066 2489 1216 2544 aeternam
1236 2480 1389 2558 attribuit,
1403 2504 1481 2545 cmc

237 2585 421 2650 beneficium
444 2590 597 2669 praestans
625 2583 829 2648 servientibus
858 2583 927 2662 sibi,
951 2585 990 2648 ob
1017 2584 1049 2647 id
1078 2584 1161 2669 quod
1189 2585 1336 2662 serviunt,
1358 2593 1392 2649 et

237 2687 447 2773 sequentibus,
460 2689 500 2753 ob
515 2686 548 2751 id
562 2687 645 2774 quod
658 2696 845 2773 sequuntur3
862 2688 916 2752 sed
931 2710 993 2752 non
1009 2688 1192 2753 heneficium
1208 2689 1248 2752 ab
1263 2687 1308 2752 eis
1322 2710 1391 2773 per-

239 2791 374 2877 cipiens:
409 2799 458 2855 est
481 2791 564 2855 enim
587 2791 672 2854 dives
693 2790 848 2875 perlectus
871 2800 903 2856 et
926 2791 993 2855 sine
1019 2791 1200 2877 indigentia.
1256 2792 1390 2876 Propter

238 2893 299 2959 hoc
310 2901 415 2958 autem
430 2893 566 2977 exquirit
581 2893 669 2957 Deus
683 2894 723 2957 ab
739 2892 914 2957 hominibus
928 2893 1118 2972 servitutem,
1134 2903 1170 2959 ut
1185 2894 1330 2980 quoniam
1342 2901 1391 2958 est

239 2996 341 3059 bonus
355 3003 388 3059 et
402 2993 576 3059 misericors
589 2993 763 3059 benefaciat
777 2996 822 3060 eis
837 2996 889 3083 qui
901 3005 1098 3081 perseverant
1110 2997 1142 3060 in
1153 2996 1302 3061 servitute
1314 2997 1392 3082 ejus,

242 3097 281 3160 In
296 3104 447 3184 quantum
461 3097 544 3161 enim
560 3097 649 3162 Dens
671 3097 783 3162 nullius
802 3099 931 3186 indiget,
955 3100 988 3163 in
1010 3107 1134 3164 tantum
1158 3100 1251 3166 homo
1274 3100 1393 3185 indiget
1407 3124 1436 3164 u.
1450 3120 1491 3160 nc

241 3200 303 3265 Dei
316 3201 543 3266 communione.
589 3201 670 3268 Haec
686 3200 770 3266 enim
783 3202 882 3289 gloria
897 3202 1040 3281 hominis,
1062 3225 1258 3290 perseverare
1272 3226 1310 3269 ac
1326 3226 1394 3289 per-

241 3325 365 3368 manere
382 3305 414 3367 in
437 3304 500 3369 Dei
519 3304 675 3370 servitute.
716 3296 761 3369 Et
783 3312 908 3392 propter
930 3306 990 3371 hoc
1007 3307 1131 3372 dicebat
1147 3307 1305 3393 discipulis
1326 3309 1392 3371 Do-

77 3427 211 3471 sonxvua
241 3406 363 3470 minus:
388 3406 463 3472 Non
478 3429 528 3472 cos
546 3408 824 3494 mediolanam
845 3431 895 3495 epo
914 3409 988 3496 slepi
1013 3432 1083 3483 cos‚·
1107 3410 1296 3498 significans,
1318 3432 1393 3494 quo-

241 3509 326 3574 niam
341 3531 403 3574 non
418 3509 477 3595 ipsi
496 3510 710 3597 glorificabant
725 3533 806 3589 eum,
825 3520 991 3597 sequentes
1010 3535 1101 3585 eum;
1125 3513 1180 3578 sed
1203 3513 1234 3575 in
1254 3534 1292 3577 eo
1310 3513 1395 3598 quod

77 3604 128 3683 ran.
138 3640 229 3681 surra
242 3620 444 3698 sequerentur
460 3612 576 3676 Filium
591 3613 662 3691 Dei,
677 3614 930 3700 glorificabantur
943 3617 983 3679 ab
1002 3637 1050 3680 eo.
1095 3615 1140 3680 Et
1162 3616 1290 3681 iterum:
1323 3617 1395 3680 Volo

243 3726 279 3782 ut
294 3714 347 3782 ubi
368 3737 418 3803 opo
435 3737 512 3793 cum,
534 3714 578 3780 idi
598 3725 625 3780 et
645 3717 679 3781 lli
700 3718 771 3794 sict,
797 3726 831 3782 ot
850 3717 975 3782 videant
992 3718 1162 3784 claritatem
1189 3741 1307 3794 meacm
1332 3742 1395 3784 non

243 3841 321 3885 vane
334 3819 470 3907 glorians
484 3839 576 3905 super
589 3818 660 3898 hoc,
675 3820 732 3884 sed
745 3818 875 3907 gloriam
889 3841 978 3885 suam
992 3821 1170 3906 participari
1184 3823 1290 3886 volens
1305 3822 1395 3887 disci-

81 3942 195 3985 nnrua
243 3923 412 4010 pulissuis,
428 3923 593 4011 dequibus
612 3923 743 3989 Esaias:
767 3923 817 3988 Ab
834 3924 947 3989 oriente
961 3925 1115 3989 attraham
1133 3945 1230 3989 semen
1252 3936 1346 4004 tuone,
1368 3936 1397 3991 er

293 4111 794 4163 ¹00oemirarem1²itiicum1>ancarm=
843 4115 923 4175 twice,
948 4113 1018 4176 apctd
1039 4120 1061 4162 te
1084 4114 1199 4174 claritate,
1225 4129 1298 4176 quom
1319 4113 1397 4162 habui

244 4192 384 4255 ithoclow,
397 4194 642 4257 delibisrcquenter.
677 4195 743 4245 Fau.
843 4195 915 4259 opud
925 4201 953 4245 tc.

295 4272 307 4304 ²
322 4275 375 4324 The
386 4275 485 4324 Cursu.
493 4291 558 4339 copy
569 4275 590 4322 is
601 4276 676 4338 again
687 4281 714 4324 at
724 4275 795 4336 fault,
891 4274 971 4324 ³The
989 4275 1033 4326 On.
1054 4277 1158 4341 reading
1176 4278 1197 4325 is
1214 4277 1351 4341 preferable
1368 4294 1396 4326 aa

245 4357 296 4406 and
306 4360 380 4408 omits
391 4359 461 4422 apud
470 4367 498 4419 tc,
508 4359 551 4408 tho
561 4360 668 4423 position
679 4359 708 4408 os
716 4360 797 4409 which
842 4358 917 4423 bciug
931 4374 999 4407 more
1018 4364 1074 4407 truc
1091 4365 1117 4408 to
1136 4361 1180 4408 the
1199 4365 1309 4408 context.
1343 4360 1397 4409 Tho

246 4439 360 4488 however
370 4440 396 4488 in
407 4440 450 4489 the
462 4441 544 4490 Greek
560 4441 581 4489 is
596 4447 623 4490 at
636 4442 679 4491 the
690 4442 755 4492 close
772 4442 801 4490 of
843 4442 950 4490 Annua.
964 4440 1021 4490 MS.
1034 4442 1087 4501 has,
1102 4443 1144 4491 sed
1155 4443 1372 4493 nr...aurr‘tnoa.

246 4518 291 4568 the
301 4524 363 4570 text.
398 4521 451 4570 'Ibo
471 4522 527 4586 Syr.
547 4523 656 4588 supplies
675 4525 717 4574 the
733 4528 798 4573 term
892 4524 904 4555 ⁴
920 4524 1023 4584 Garun,
1036 4525 1079 4574 &c
1088 4525 1250 4588 participare.
