3000 4994
236 306 303 374 256
542 366 544 370 ,
587 320 777 377 summunt
800 321 842 374 IN
868 321 1028 375 JUDAEOS

69 495 217 585 turtur.

82 588 209 676 resep·
730 588 833 656 ose.
859 588 898 654 u.

72 710 222 725 ἡ
238 744 330 836 Quis
346 756 396 819 est
413 743 597 843 spiritulia
612 743 825 843 discipulum,
850 742 915 842 qm
924 743 1075 841 judicat
1093 743 1241 843 quidem
1258 773 1390 838 omnes,

311 864 389 962 ipsc
418 876 540 937 autem
569 889 595 938 o
624 863 769 937 nomiae
791 862 1012 961 judicatur:
1056 877 1088 938 et
1119 864 1185 963 qui
1214 879 1297 941 sunt
1327 865 1393 964 qui

300 980 535 1079 judicemur.

439 1112 758 1204 Quemadmodum
764 1112 1036 1212 judicabuntur
1049 1130 1179 1214 gemes.

440 1230 757 1320 Quemadmodum
766 1230 1037 1329 judicabuntur
1052 1233 1191 1310 Judui.

305 1361 466 1438 Ostemr'o
484 1362 657 1462 quonium
674 1363 766 1439 duos
782 1364 959 1441 aduentus
978 1367 1122 1442 Causa
1129 1369 1320 1468 propbeta

648 1481 966 1558 annuntiaverunt.

300 1635 405 1701 'leurs
417 1632 586 1720 discipulus
600 1633 763 1719 ¹spiritalis
776 1656 846 1700 rere
860 1634 1012 1720 recipiens
1027 1634 1177 1721 Spiritum
1194 1636 1265 1715 Dei,
1281 1636 1334 1723 qui
1348 1639 1390 1703 ab
1402 1663 1479 1702 aas

234 1735 324 1802 initio
343 1735 376 1802 in
391 1736 541 1802 universis
558 1736 810 1822 dispositionibus
830 1735 890 1800 Dei
911 1735 1011 1802 adfuit
1029 1737 1216 1816 hominibus
1232 1747 1265 1802 et
1284 1740 1390 1804 lutura

63 1859 200 1901 rossum
234 1839 430 1905 annuntiavit
459 1848 492 1905 et
517 1839 683 1925 praesentia
713 1839 851 1904 ostendit
872 1849 905 1904 et
928 1840 1086 1926 praeterita
1109 1850 1243 1920 enarrat,
1266 1841 1390 1926 judicat

233 1942 358 2030 quidem
384 1964 502 2020 omnes,
529 1940 595 2029 ipse
620 1949 726 2006 autem
750 1964 771 2006 a
795 1943 919 2008 nemine
941 1944 1109 2030 judicatur.
1162 1944 1246 2008 Nam
1267 1945 1389 2030 judicat

63 2061 187 2102 nom-m
233 2055 353 2135 gentes,
379 2037 530 2112 creaturae
551 2047 648 2132 inopie
671 2069 764 2132 quom
790 2047 929 2111 Creatori
951 2049 1119 2125 serviemus,
1146 2057 1178 2112 et
1204 2048 1388 2133 reprobabili

233 2156 339 2213 mente
357 2146 532 2213 universam
546 2169 635 2212 suam
649 2146 859 2232 operationem
876 2147 910 2211 in
926 2170 1040 2212 vanum
1054 2157 1283 2214 consumentes
1328 2149 1353 2213 J
1353 2173 1389 2213 u·

234 2253 319 2317 dicat
345 2261 450 2316 autem
476 2251 571 2316 etiam
591 2250 734 2330 Judaeos,
758 2273 821 2315 non
848 2251 1054 2337 percipientes
1074 2255 1201 2317 verbum
1225 2252 1388 2332 libertatis,

233 2378 334 2444 neque
347 2357 485 2422 volentes
499 2355 584 2421 abire
598 2354 722 2434 liberos,
738 2377 810 2420 curn
824 2355 959 2420 habeant
973 2364 1158 2443 praesentem
1172 2356 1386 2431 liberatorem3

233 2460 289 2526 sed
313 2459 528 2546 intempestive
553 2468 642 2523 extra
663 2459 764 2546 legem
786 2458 900 2524 servire
925 2458 1108 2524 simulantes
1133 2459 1210 2522 nihil
1234 2460 1388 2547 indigenti

234 2563 314 2644 Deo,
337 2573 369 2629 et
388 2563 504 2628 Christi
525 2563 701 2640 adventum,
722 2584 814 2648 quern
834 2570 960 2649 propter
980 2561 1112 2627 salutem
1127 2562 1287 2628 hominum
1303 2564 1388 2643 lecit,

233 2689 296 2731 non
318 2674 551 2753 cognoscentes,
579 2685 679 2747 neque
699 2663 872 2751 intelligere
891 2662 1040 2743 volentes,
1069 2666 1215 2748 quoniam
1235 2666 1313 2730 duos
1333 2667 1388 2730 ad-

233 2777 344 2834 ventus
365 2770 434 2855 ejus
455 2788 564 2833 omnes
584 2767 845 2833 annuntiaverunt
866 2766 1044 2853 prophetae:
1077 2788 1173 2830 unum
1196 2767 1330 2854 quidem,
1354 2769 1388 2832 in

61 2890 190 2977 {puppa
234 2891 296 2959 quo
317 2871 411 2937 homo
432 2872 465 2935 in
486 2872 578 2957 plaga
599 2871 700 2934 lactus
723 2877 781 2948 est,
803 2869 905 2934 sciens
926 2869 1005 2934 ferre
1027 2868 1279 2949 imbecillitatem,
1301 2880 1334 2936 et
1355 2873 1388 2936 in

63 2939 207 3074 &app-35¹2
234 2974 318 3061 pullo
337 2974 434 3037 asinae
451 2973 572 3048 sedens,
587 2977 636 3036 let
656 2973 838 3057 reprobatus
857 2971 937 3056 lapis
951 2972 992 3035 ab
1006 2972 1243 3050 aedificantibus,
1260 2982 1292 3038 et
1307 2973 1389 3039 sicut

62 3089 216 3130 Muli-¹¹·
234 3077 301 3143 ovis
315 3077 356 3140 ad
370 3075 528 3141 victimam
540 3074 704 3153 adductus,
720 3083 752 3138 et
766 3096 821 3160 per
835 3074 1049 3138 extensionem
1061 3096 1208 3139 manuum
1219 3076 1390 3141 dissolvens

63 3203 155 3244 snum
168 3206 198 3243 n.
235 3179 359 3267 quidem
378 3177 569 3251 ³Amalech3
596 3198 789 3264 congregans
807 3184 913 3241 autem
935 3177 1103 3263 ⁴dispersos
1119 3177 1200 3243 filios
1213 3200 1234 3242 a
1247 3180 1390 3244 terminis

233 3292 325 3348 terrae
341 3283 373 3345 in
388 3281 465 3345 ovile
482 3280 595 3357 Patris,
612 3288 645 3344 et
659 3285 971 3345 ⁶recommemoratus
988 3289 1179 3345 mortuorum
1194 3303 1318 3346 suornm
1334 3284 1388 3370 qui

233 3393 307 3451 aute
327 3383 526 3461 dormierant,
547 3391 580 3447 et
599 3382 790 3448 descendens
809 3383 850 3448 ad
871 3404 936 3461 eos,
957 3382 1003 3447 uti
1023 3390 1143 3448 emeret
1161 3383 1254 3458 eos⁶;
1278 3406 1388 3450 secun-

63 3499 201 3587 ffipptlffl
233 3490 308 3554 dum
322 3496 438 3565 autern,
460 3487 493 3550 in
511 3508 572 3573 quo
586 3508 679 3572 snper
692 3487 790 3551 nubes
805 3487 917 3565 veniet,
932 3487 1140 3574 superducens
1155 3487 1237 3551 diem
1252 3511 1323 3573 quae
1338 3497 1388 3555 est

61 3579 179 3652 aaut
234 3595 316 3659 sicut
344 3591 485 3657 clibanus
513 3590 636 3668 ardens,
662 3598 695 3656 et
718 3590 893 3676 percutiens
918 3598 1034 3655 terram
1063 3590 1156 3655 verbo
1181 3590 1244 3655 oris
1269 3592 1328 3670 sui,
1354 3604 1388 3658 et

62 3716 201 3762 unarum.
233 3697 344 3783 spiritu
365 3717 421 3780 per
438 3694 521 3758 labia
540 3715 598 3758 sna
616 3693 806 3758 interficiens
826 3693 949 3778 impios,
971 3702 1004 3757 et
1018 3692 1223 3756 ventilabrum
1241 3693 1273 3755 in
1293 3717 1388 3760 manu

60 3770 82 3804 ἰ
91 3763 140 3805 Lm
149 3765 214 3810 m
233 3801 361 3878 habens,
376 3807 408 3864 et
423 3797 596 3864 emundans
609 3819 714 3862 aream
729 3818 827 3876 snam,
847 3803 879 3861 et
892 3795 1030 3860 triticum
1045 3796 1169 3882 quidem
1189 3796 1222 3860 in
1243 3796 1387 3864 horreum

233 3903 391 3992 colligens,
407 3904 591 3968 comburens
604 3910 710 3968 autem
724 3901 830 3988 paleas
843 3899 915 3987 igne
930 3898 1184 3986 inexstinguibili.

282 4122 292 4154 ¹
309 4124 361 4173 As.
373 4137 425 4171 uere
435 4122 557 4185 spiritales
567 4121 691 4185 recipiens.
885 4116 896 4149 ⁸
912 4118 964 4166 The
976 4117 1056 4167 words
1068 4125 1088 4167 et
1104 4119 1206 4166 solueret
1219 4133 1262 4178 eor,
1275 4117 1389 4180 wanting

282 4203 330 4253 ²et
341 4205 449 4253 inserted
459 4205 523 4253 from
536 4205 578 4253 tha
589 4205 697 4252 Arsurum
835 4200 862 4248 in
879 4199 922 4248 the
939 4200 983 4248 Cu.
1007 4199 1057 4248 and
1074 4201 1154 4248 Voss.
1174 4200 1261 4260 MSS,
1286 4200 1333 4247 but
1352 4200 1389 4247 in·

282 4284 294 4317 ⁸
311 4286 363 4335 As.
381 4286 456 4334 omits
471 4285 576 4348 quiden.
605 4285 644 4334 Cf.
654 4285 732 4334 Jusu.
745 4283 784 4333 M.
835 4282 917 4332 serted
928 4283 962 4346 by
973 4283 1068 4331 Gsssu
1076 4284 1141 4331 from
1152 4284 1194 4332 tha
1205 4285 1266 4343 Am,
1278 4299 1320 4330 are
1331 4283 1390 4329 here

234 4368 268 4417 D.
281 4382 299 4417 o.
314 4366 403 4430 Tryplr.
416 4369 429 4427 ᾖ
441 4382 481 4431 9¹·
517 4367 637 4416 Bauuss.
650 4367 697 4429 Ep.
710 4368 723 4427 ᾖ
738 4380 775 4415 ra.
834 4365 967 4414 cancalled.
1012 4366 1082 4429 They
1099 4382 1140 4414 are
1157 4382 1173 4414 a
1188 4366 1306 4414 manifest
1322 4365 1390 4428 gloss

283 4449 293 4479 ‘
310 4449 362 4497 As.
375 4449 424 4496 and
436 4449 517 4498 Voss.
530 4450 607 4498 insert
618 4455 646 4499 d.
834 4463 867 4496 on
884 4454 980 4507 maeret,
1000 4448 1043 4496 tha
1059 4448 1214 4496 translamr's
1236 4448 1318 4511 faulty
1335 4463 1390 4495 ren·

283 4530 293 4560 ⁶
310 4537 534 4579 memmerumotua.
564 4529 610 4579 Seu
621 4547 645 4594 p.
660 4531 712 4590 108,
724 4546 749 4578 n.
763 4543 783 4591 7.
835 4529 922 4593 during
933 4529 961 4577 of
970 4530 1089 4591 ἐκρύηται.
