3000 4994
238 361 305 427 158
552 371 630 426 uon
656 373 917 428 cocnoscrrun
941 345 1067 426 aaran

73 546 227 590 LIMVJLI.

74 595 120 635 GR.
129 592 168 634 IV.
176 593 224 634 xiv.

89 639 218 726 Ἢν·
725 652 826 717 ΟΑΡ.
849 650 917 717 ΧΙ.

242 798 346 892 Quid
361 813 410 876 est
427 780 644 900 quod'oerrto
661 797 838 897 cognoscit
860 797 1017 872 Patrem
1039 795 1113 872 cisi
1128 795 1258 888 Filios,
1279 808 1310 869 et
1322 821 1396 895 per

366 914 376 933 ⁰
431 928 515 1017 quot
532 914 734 993 occasiones
748 914 880 991 revelat
896 914 1017 991 Filios
1033 916 1199 990 Putrem.

308 1103 338 1165 1.
383 1101 548 1164 Donrnus
563 1097 646 1164 enim
662 1098 829 1163 ostendens
842 1098 1045 1183 semetipsum
1064 1097 1234 1183 discipulis,
1249 1098 1396 1184 quoniam

240 1201 307 1289 ipse
330 1210 380 1267 est
393 1201 546 1280 Verbum,
567 1200 620 1287 qui
636 1200 829 1287 agnitionem
844 1200 950 1266 Patris
964 1200 1049 1279 facit,
1064 1209 1097 1266 et
1112 1202 1321 1286 1exprobrens
1336 1201 1361 1263 J
1362 1222 1397 1264 u-

241 1305 319 1372 daeis
339 1305 521 1391 putentibus
543 1325 578 1370 se
600 1303 714 1369 habere
738 1304 853 1382 Deum,
874 1325 946 1368 cum
967 1311 1000 1369 et
1023 1304 1232 1370 2fmstrentur
1256 1303 1398 1368 Verbum

79 1428 218 1518 wg-
241 1409 319 1495 ejns,
335 1431 391 1495 per
405 1429 498 1495 quem
512 1407 711 1496 cognoscitur
730 1406 829 1486 Deus,
845 1406 967 1473 dicebat
978 1421 997 1471 ι’
1006 1408 1104 1472 Nemo
1118 1407 1261 1494 cognoscit
1274 1406 1398 1472 Filium

155 1505 160 1516 ¹
241 1515 303 1578 oiri
316 1514 426 1592 Pater,
442 1534 536 1599 oeque
550 1512 681 1576 Putrem
697 1511 765 1597 quic
778 1511 921 1596 cognoscit
938 1511 998 1575 reici
1011 1511 1124 1589 Filios,
1142 1518 1170 1575 et
1188 1511 1238 1574 cci
1252 1510 1399 1575 ³oobcerit

240 1616 347 1683 Filius
367 1616 513 1682 revetere.
552 1615 605 1680 Sic
625 1621 657 1681 et
677 1614 852 1679 Matthaeus
868 1615 982 1701 posuit,
1001 1623 1033 1679 et
1055 1615 1159 1680 Lucas
1173 1614 1325 1694 similiter,
1347 1618 1397 1678 ⁴et
1413 1625 1440 1665 θ·
1449 1625 1494 1665 ³⁰⁰·

243 1719 373 1784 Marcus
391 1719 473 1783 idem
491 1718 612 1805 ipsum:
637 1716 662 1780 J
663 1718 801 1782 ohannes
818 1717 902 1782 enim
922 1716 1060 1804 praeterit
1079 1716 1181 1783 locum
1199 1718 1293 1781 hunc.
1330 1715 1396 1780 ΒΗί

242 1828 348 1887 antem
363 1821 416 1907 qui
433 1820 597 1906 peritiores
617 1819 780 1905 Apostolis
797 1819 903 1884 volunt
918 1813 997 1894 esse,
1016 1820 1062 1884 sic
1082 1818 1279 1903 describunt:
1304 1824 1398 1883 Nemo

242 1925 376 2010 oopoooit
389 1925 521 1988 Putrem
534 1923 596 1987 ciri
614 1922 728 2001 fficio,
745 1943 797 1985 occ
814 1921 937 1985 Filium
956 1923 1017 1985 cisi
1031 1922 1140 1999 Peter,
1162 1929 1190 1984 et
1204 1921 1255 1984 croi
1269 1920 1399 1985 uetuerit

242 2025 348 2090 Fertor
363 2024 514 2098 roceium
538 2032 571 2089 et
586 2025 837 2108 interpretantur,
859 2023 946 2107 quasi
961 2045 981 2086 a
996 2023 1079 2089 nullo
1094 2023 1238 2109 cognitus
1252 2022 1294 2087 sit
1308 2042 1399 2086 verus

244 2126 333 2191 Deus
347 2134 420 2192 ante
436 2126 565 2191 Domini
581 2125 679 2191 nostri
701 2124 887 2191 adventum:
912 2135 944 2191 et
959 2149 1030 2191 eum
1046 2128 1151 2191 Deum
1166 2127 1218 2213 qui
1234 2147 1253 2190 a
1268 2125 1398 2212 prophe·

242 2228 286 2293 tis
306 2229 348 2295 sit
373 2228 587 2307 annuntiatus,
611 2227 719 2294 dicunt
739 2249 803 2293 non
832 2249 900 2294 esse
923 2229 1052 2294 Patrem
1074 2229 1201 2295 Christi.
1236 2228 1270 2292 Si
1292 2233 1399 2292 autem

244 2331 388 2397 Christus
407 2340 483 2397 tunc
498 2330 655 2396 inchoavit
680 2352 759 2408 esse,
781 2331 904 2415 quando
924 2338 957 2396 et
976 2332 1146 2396 secundnm
1166 2330 1324 2395 homiuem
1345 2329 1400 2394 ad-

243 2443 371 2502 ventum
391 2456 483 2499 snum
504 2435 579 2521 egit,
604 2442 678 2499 eta
697 2433 889 2520 temporibus
914 2435 1030 2500 Tiberii
1054 2434 1188 2501 Caesaris
1213 2454 1399 2499 commemo

244 2547 332 2604 ratus
345 2544 396 2603 est
410 2538 508 2603 Pater
525 2538 684 2624 providere
698 2537 885 2616 hominibus,
905 2546 938 2604 et
952 2560 1015 2603 non
1034 2559 1157 2623 semper
1175 2536 1315 2602 Verbum
1331 2537 1400 2621 ejus

244 2662 307 2707 una
321 2663 394 2707 cum
407 2640 559 2727 plasmate
578 2640 674 2705 fuisse
693 2641 933 2716 ostendebatur3
957 2663 1015 2706 nec
1029 2649 1104 2707 tunc
1119 2641 1243 2728 quidem
1262 2639 1400 2724 oportuit

207 2731 213 2739 ¹
244 2744 377 2810 alterum
391 2743 495 2809 Deum
506 2742 693 2823 annuntiari,
707 2744 764 2809 sed
778 2765 888 2808 causas
901 2752 999 2810 tantae
1015 2744 1142 2810 incurise
1154 2750 1187 2810 et
1200 2742 1398 2830 negligentiae

245 2850 314 2935 ejus
325 2847 447 2934 inquiri.
486 2847 611 2912 Nullam
626 2848 710 2913 enim
725 2856 847 2934 oportet
861 2851 1065 2936 quaestionem
1080 2851 1175 2917 talem
1189 2872 1268 2928 esse,
1283 2858 1315 2915 et
1330 2856 1400 2913 tan-

245 2956 314 3015 tum
329 2950 524 3029 inrulesoere,
540 2956 623 3015 utet
642 2951 745 3015 Deum
761 2952 885 3037 quidem
902 2960 1014 3031 mutet,
1035 2961 1068 3018 et
1085 2975 1154 3019 eam
1170 2975 1239 3040 quae
1257 2959 1306 3018 est
1325 2971 1401 3039 erga

246 3051 472 3132 fabricatorem,
495 3051 562 3138 qui·
574 3073 632 3118 nos
651 3051 707 3117 alit
726 3075 781 3139 per
793 3058 890 3119 'suam
908 3053 1128 3136 conditionem,
1147 3055 1243 3122 fidem
1260 3062 1399 3120 nostram

247 3164 385 3223 evacuet.
421 3155 510 3223 Sicut
521 3156 605 3222 enim
623 3157 657 3221 in
671 3157 788 3223 Filium
802 3158 896 3224 fidem
907 3165 1047 3224 nostrum
1061 3157 1233 3247 dirigimus,
1254 3158 1346 3225 sicet
1367 3157 1399 3221 in

246 3260 377 3326 Patrem
390 3259 587 3326 dilectionem
601 3261 724 3326 firmam
737 3269 770 3327 et
784 3261 974 3327 immobilem
988 3261 1103 3328 habere
1116 3263 1276 3329 debemus.

83 3466 229 3560 pappus.
327 3458 359 3506 2.
411 3436 482 3508 Καὶ
511 3442 617 3516 καλῶς
648 3437 827 3516 'Iunco-irco
854 3440 888 3509 ἐν
916 3441 966 3530 τῷ
988 3434 1091 3539 6πρὸς
1117 3439 1299 3540 Mupriorru
1325 3473 1399 3512 συν-

313 3610 345 3672 2.
382 3607 428 3674 Et
448 3611 527 3676 bene
547 3609 695 3677 Justinus
716 3611 749 3675 in
769 3633 806 3676 eo
820 3611 899 3677 libro
920 3611 973 3698 qui
995 3618 1044 3677 est
1062 3612 1103 3676 ad
1122 3612 1317 3678 Marcionem
1334 3613 1398 3679 ait:

248 3778 368 3841 domium,
394 3780 433 3829 for
461 3779 633 3830 Eumnrmns
660 3797 725 3846 says,
755 3782 801 3831 Τὸν
849 3779 951 3829 lentior
963 3781 1082 3833 ἀθετοῦσι.

244 3862 371 3926 Ἠρακλῆν
383 3869 444 3924 φασι
460 3862 523 3912 κατὰ
537 3863 582 3922 τὴν
599 3862 740 3924 Αἰγυπτίων
751 3863 800 3911 διά·
898 3860 909 3894 ¹
927 3863 972 3912 See
983 3880 1007 3927 p.
1024 3861 1076 3925 162,
1091 3881 1115 3914 n.
1130 3881 1149 3914 1.

246 3946 335 3994 λεκτον
346 3945 438 3992 ΚΩΝΑ
449 3944 574 4005 λέγεσθαι.
605 3943 633 3991 It
646 3959 705 4008 may
716 3943 746 3992 be
760 3944 801 3992 ob
898 3942 910 3975 ⁴
926 3944 981 3993 Not
992 3961 1049 3993 now
1059 3947 1118 3994 read
1129 3946 1155 3995 in
1168 3947 1192 3997 S.
1206 3948 1291 3998 Mark.

246 4026 333 4075 aerved
344 4026 404 4086 also,
414 4027 471 4075 that
481 4026 508 4073 in
519 4026 562 4075 the
573 4025 651 4087 litum.
662 4025 700 4073 Μ.
716 4025 801 4075 Korrdr
898 4025 910 4058 ³
927 4026 973 4076 See
984 4041 1002 4077 1.
1016 4027 1056 4091 67.

246 4107 268 4156 is
290 4124 306 4156 a
323 4123 448 4172 synonym
467 4106 495 4156 of
515 4107 649 4166 Δεσπότης,
669 4123 697 4155 as
715 4108 802 4157 Korrbs
898 4108 987 4173 θπρός,
1003 4117 1092 4160 cetero.
1112 4112 1238 4176 Pnomns,
1249 4127 1302 4177 125,
1316 4117 1401 4164 makes

243 4190 340 4251 Ἑρμῆς.
369 4189 519 4253 Altogether
529 4205 576 4238 our
586 4188 617 4239 E.
627 4187 662 4239 V.
675 4204 798 4252 pomoesor,
849 4190 960 4240 mention
980 4192 1009 4240 of
1023 4193 1042 4241 J
1043 4194 1144 4242 usrm’s
1160 4195 1231 4257 λόγοι
1250 4197 1313 4245 κατὰ
1333 4197 1401 4258 Μαρ-

246 4269 319 4319 issar
331 4287 399 4319 more
410 4271 566 4336 sammctory
577 4270 639 4320 than
653 4270 697 4318 the
711 4270 800 4320 LXX.
850 4271 937 4323 sciuros.
967 4273 1027 4323 This
1044 4275 1139 4325 dictum
1155 4277 1201 4325 has
1220 4293 1236 4325 a
1251 4277 1353 4341 parallel
1375 4277 1400 4325 in

246 4349 272 4399 br
290 4351 378 4400 ἔκτισε.
412 4351 465 4401 Tha
477 4351 565 4403 Chald.
578 4368 670 4417 agrees,
691 4351 800 4428 it’fflffl
849 4352 1044 4404 hurunmnn's
1055 4356 1121 4406 Deos
1131 4356 1154 4405 ci
1164 4359 1214 4405 rico
1224 4372 1288 4404 aare
1300 4364 1339 4418 est,
1353 4373 1402 4407 ooo

245 4429 445 4494 cujupoccrcrr'o.
849 4440 937 4493 edm·
964 4436 1014 4486 and
1035 4437 1105 4486 Auo.
1129 4435 1259 4501 anoqclio
1281 4452 1331 4485 ooo
1352 4453 1400 4488 crc-

295 4507 305 4539 ¹
323 4508 368 4558 Gn
381 4508 479 4572 vitiose,
492 4525 518 4559 co
529 4510 657 4574 probrum.
850 4513 937 4576 derum
950 4515 1001 4565 oiri
1015 4531 1052 4564 mc
1068 4513 1196 4565 maclou
1212 4516 1323 4567 necteus
1339 4535 1401 4569 corn-

295 4587 360 4639 ’As
374 4589 484 4641 anus
500 4598 622 4658 suggests,
639 4595 683 4643 the
696 4594 795 4659 aquira·
845 4603 944 4648 moueret
954 4595 1091 4648 cuderim.
1120 4611 1140 4648 c.
1152 4597 1199 4662 ΕΡ.
1212 4597 1323 4650 Marici.
1336 4598 1360 4652 6.
