3000 4994
555 347 672 402 Jusux
696 346 911 400 DAMNATIO.
1234 338 1299 402 245

145 502 303 568 minusad
317 501 481 568 salvandos
495 524 549 569 eos
564 502 616 590 qui
636 508 818 588 receperunt
832 523 904 566 eum
919 502 1044 568 veniens
1058 503 1193 581 fecisset,
1208 506 1299 572 mise·
1335 529 1389 571 ua.
1399 531 1439 572 ιν.

145 628 218 670 rans
233 628 357 679 eorum:
379 614 521 672 tacentes
535 615 640 671 autem
660 606 699 671 de
712 605 873 691 judicio
845 627 922 690 eJus,
939 613 973 670 et
986 627 1178 693 quaecunque
1193 631 1365 708 prove·
1341 578 1433 709 Gigpi'

145 711 233 776 nient
246 711 296 776 his
310 734 362 797 qur
353 711 538 777 audierunt
552 732 711 777 sermones
725 712 803 797 ejus,
818 719 850 774 et
865 732 927 774 non
942 711 1090 788 lecerunt,
1106 720 1139 777 et
1153 715 1299 798 quoniam
1323 716 1451 805 Μξῇβζ·

145 812 371 898 expediebat
343 835 389 877 ers
403 814 430 877 si
445 836 507 879 non
522 821 627 931 esseut
641 812 717 891 nati,
733 820 766 877 et
780 812 926 898 quoniam
949 813 1139 880 tolerabilius
1155 816 1298 881 Sodomae
1311 840 1462 956 ,ΞΠ

148 1039 272 1082 monem
287 1017 547 1105 discipulorum
519 1042 595 1106 eJus.
1311 920 1455 1050 iiiia&
1442 969 1465 1007 0:

215 1123 246 1186 2.
291 1122 558 1203 Quemadmodum
576 1122 659 1187 enim
679 1120 712 1185 in
727 1142 806 1185 novo
827 1120 1030 1187 Testamento
1050 1145 1088 1188 ea
1102 1146 1172 1210 quae
1191 1127 1301 1192 estad

50 1232 132 1278 wo
150 1223 254 1287 Deum
268 1222 346 1288 fides
361 1222 520 1288 hominum
539 1232 632 1289 aucta
651 1231 710 1301 est,
728 1222 976 1288 additamentum
994 1224 1150 1311 accipiens
1166 1226 1302 1292 ¹Filium

150 1325 223 1400 Dei,
248 1332 284 1389 ut
307 1334 340 1390 et
361 1327 454 1390 homo
477 1327 567 1391 fieret
588 1325 743 1412 particeps
764 1326 843 1400 Dei:
868 1325 968 1392 itaet
993 1327 1153 1415 diligentia
1176 1352 1301 1396 conver·

149 1426 279 1492 sationis
299 1427 433 1493 adaucta
451 1437 510 1507 est,
531 1449 603 1492 cum
623 1449 685 1492 non
707 1427 807 1492 solum
829 1448 850 1490 a
873 1428 963 1493 malis
983 1429 1127 1515 operibus
1146 1432 1303 1498 abstinere

146 1533 302 1618 jubemur,
317 1530 483 1596 sedetiam
502 1529 570 1595 ab
561 1529 638 1616 rpsis
658 1529 748 1594 malis
767 1529 1037 1616 'cogitationibus
1054 1542 1086 1597 et
1104 1533 1214 1599 otiosis
1236 1536 1303 1602 dic·

150 1634 297 1712 tionibus,
317 1643 350 1699 et
367 1634 561 1699 sermonibus
575 1632 689 1710 vacuis,
711 1640 744 1697 et
759 1632 861 1698 verbis
880 1634 1073 1700 scurrilibus:
1095 1637 1140 1702 sio
1159 1645 1193 1703 et
1210 1661 1329 1750 poena
1316 1662 1392 1705 nes
1394 1665 1458 1705 aa·

151 1759 258 1802 eorum
272 1737 324 1822 qui
340 1759 403 1802 non
416 1737 546 1802 credunt
562 1734 670 1800 Verbo
686 1734 756 1813 Dei,
773 1743 805 1798 et
822 1743 1025 1800 contemnunt
1039 1737 1108 1823 ejus
1123 1739 1238 1806 advent
1224 1752 1302 1822 t,um

151 1849 183 1905 et
197 1847 417 1905 convertuntur
429 1849 608 1917 retrorsum,
628 1837 817 1925 adampliata
830 1847 898 1914 est:
921 1861 983 1905 non
998 1841 1098 1906 solum
1113 1847 1301 1931 temporalis,

151 1945 207 2008 sed
218 1947 267 2007 ⁸et
278 1950 395 2007 aeterna
409 1941 502 2006 lacta.
529 1939 769 2026 Quibuscunque
784 1941 867 2006 enim
882 1942 996 2008 dixerit
1008 1944 1181 2012 Dominus:
1197 1949 1302 2015 Disce·
1316 1969 1376 2008 usu
1383 1969 1467 2009 mor.

152 2045 215 2111 dite
237 2067 258 2109 a
280 2067 326 2109 mc
343 2043 497 2109 maledicti
517 2045 552 2107 io
571 2045 670 2130 iprum
683 2054 874 2130 poprium,
894 2045 946 2111 isti
967 2058 1057 2112 erunt
1076 2070 1198 2137 semper
1216 2053 1304 2117 dam·

152 2152 234 2226 nati:
255 2158 288 2215 et
307 2150 539 2236 quibuscunque
553 2149 679 2214 dixerit:
709 2149 815 2216 Venite
830 2150 975 2216 denedicti
995 2152 1107 2219 Putria
1120 2158 1189 2233 nui,
1199 2159 1305 2244 peroi-
1319 2184 1468 2224 ammas

146 2255 215 2339 pite
228 2252 435 2317 imitatem
448 2253 544 2337 requi,
556 2252 637 2338 quod
642 2262 861 2338 preparatum
875 2263 916 2318 eat
930 2253 1011 2319 codsa
1024 2256 1060 2320 in
1073 2260 1302 2344 rmnpdmnma:

153 2357 186 2420 bi
206 2378 332 2443 semper
345 2354 520 2441 percipiunt
538 2376 679 2441 regnum,
694 2364 727 2419 et
741 2354 790 2419 ⁴in
811 2377 850 2420 eo
870 2356 1049 2442 proficiunt:
1074 2360 1205 2425 comsit
1225 2384 1304 2428 unus

154 2469 188 2526 et
210 2460 293 2524 idem
321 2458 407 2523 Deus
422 2457 519 2522 Pater
535 2465 569 2522 et
591 2456 734 2522 Verbum
754 2457 832 2541 ejus,
855 2479 978 2544 semper
996 2460 1146 2526 assistens
1168 2463 1304 2530 humano

154 2562 270 2650 generi,
285 2560 378 2625 variis
397 2559 522 2645 quidem
542 2558 805 2644 dispositionibus,
820 2567 853 2623 et
866 2559 966 2624 multa
979 2582 1120 2646 operans,
1136 2571 1169 2628 et
1183 2565 1306 2633 salvans

155 2666 196 2729 ab
216 2664 306 2728 initio
324 2685 379 2729 eos
397 2662 449 2747 qui
468 2661 640 2735 salvantur:
662 2670 735 2725 sunt
750 2661 834 2725 enim
853 2661 886 2725 hi
909 2663 962 2749 qui
981 2663 1115 2751 diligunt
1138 2666 1251 2746 Deum,
1272 2678 1306 2734 et

156 2767 326 2834 secundum
339 2787 431 2830 suum
447 2786 547 2851 genus
566 2772 736 2850 sequuntur
753 2762 894 2827 Verbum
911 2763 990 2839 Dei:
1007 2773 1040 2829 et
1056 2766 1238 2852 adjudicans
1251 2791 1307 2835 eos

155 2871 208 2955 qui
222 2868 448 2956 adjudicantur,
465 2867 569 2943 idest,
585 2864 706 2951 eosqui
721 2864 942 2930 obliviscuntur
960 2866 1074 2946 Deum,
1089 2877 1122 2932 et
1136 2879 1210 2934 sunt
1224 2871 1306 2938 blas-

155 2972 269 3058 phemi,
285 2977 318 3036 et
332 2979 576 3055 transgressores
590 2966 657 3052 ejus
674 2965 782 3031 Verbi.

220 3077 251 3140 3.
298 3070 424 3136 Etenim
439 3070 471 3134 hi
486 3070 546 3156 ipsi
563 3068 650 3154 quia
670 3068 760 3134 nobis
778 3069 919 3154 praedicti
934 3076 1008 3135 sunt
1025 3070 1164 3138 haeretici
1184 3075 1306 3141 excide·

154 3187 227 3243 runt
241 3175 310 3254 sibi,
325 3181 510 3240 accusantes
525 3171 707 3250 Dominum,
725 3170 758 3235 in
776 3193 868 3256 quem
883 3172 991 3238 dicunt
1004 3196 1039 3239 se
1054 3175 1189 3242 credere.
1228 3177 1306 3260 Qua

155 3280 238 3345 enim
256 3279 407 3343 denotant
427 3277 460 3340 in
481 3276 561 3353 Deo,
582 3274 635 3359 qui
657 3284 733 3340 tuno
751 3275 963 3360 temporaliter
985 3277 1187 3361 “judicaverit
1207 3280 1306 3346 incre·

155 3386 254 3462 dulos,
270 3394 303 3449 et
316 3389 329 3427 ⁵
334 3382 486 3470 percussit
501 3381 685 3468 AEgyptios,
700 3381 831 3446 salvavit
844 3390 950 3446 autem
970 3384 1168 3461 obedientes:
1196 3387 1306 3453 eadem

155 3488 355 3553 nihilominus
369 3494 528 3551 recurrent
542 3485 574 3548 in
590 3484 770 3562 Dominum,
789 3484 821 3548 in
841 3485 1063 3571 sempiternum
1078 3489 1202 3573 quidem
1217 3491 1306 3577 adju·

156 3591 309 3656 dicantem
325 3610 404 3675 quos
416 3586 586 3675 adjudicat,
600 3595 634 3652 et
647 3586 680 3650 in
697 3586 919 3672 sempiternum
933 3587 1142 3654 dimittentem
1156 3612 1210 3655 eos
1228 3613 1306 3677 quos

154 3693 317 3757 ⁵dimittit:
341 3701 374 3756 et
395 3691 578 3769 invenietur,
596 3690 766 3754 secundum
788 3688 910 3754 illorum
925 3691 1027 3767 verba,
1042 3692 1171 3756 maximi
1186 3693 1305 3777 peccati

155 3817 249 3862 causa
270 3795 372 3860 factus
392 3794 442 3858 his
463 3792 515 3879 qui
540 3794 573 3857 in
595 3813 667 3858 eum
693 3791 887 3856 immiserunt
905 3813 1026 3870 manus,
1053 3801 1085 3856 et
1108 3803 1305 3880 pupugerunt

154 3920 237 3964 eum.
268 3897 302 3962 Si
317 3897 400 3963 enim
414 3918 477 3960 non
492 3895 537 3960 ita
551 3894 696 3972 venisset,
711 3892 819 3980 utique
831 3893 873 3956 illi
890 3893 1017 3959 Domini
1028 3893 1077 3958 sui
1092 3894 1306 3961 interfectores

154 4000 230 4065 facti
244 4021 306 4064 non
321 3999 466 4065 luissent:
492 4007 525 4064 et
539 3998 566 4063 si
582 4020 644 4063 non
658 3996 795 4062 misisset
809 3996 977 4082 prophetas
991 3997 1032 4060 ad
1043 4018 1106 4075 eos,
1122 4018 1185 4061 non
1200 3996 1307 4085 utique

204 4137 213 4169 ¹
230 4138 282 4186 Aa.
296 4137 366 4188 Filii.
755 4135 879 4184 cancellsd
890 4135 930 4184 for
939 4134 1130 4197 capitationibus.

204 4217 216 4250 ¹
235 4218 423 4281 :reuulsam
450 4219 483 4269 es.
506 4219 646 4278 irrotulent,
670 4233 706 4267 ω-
804 4215 884 4267 ⁸Alt.
897 4217 970 4265 omits
979 4223 1008 4268 ct.

155 4301 255 4365 quiring
271 4316 304 4348 no
321 4300 461 4364 qualilying
476 4306 547 4359 term,
567 4299 640 4348 molis
656 4315 707 4348 was
804 4298 815 4330 ⁴
831 4299 860 4348 in
870 4314 904 4360 co,
916 4299 1032 4359 Anum,
1046 4299 1093 4348 but
1105 4303 1150 4348 not
1160 4299 1303 4362 incultam,

154 4383 260 4448 perhaps
277 4382 354 4431 taken
369 4383 434 4432 from
445 4383 488 4431 the
505 4381 638 4447 preceding
647 4380 705 4430 lino.
755 4377 835 4428 Voss.

156 4464 200 4512 Cn.
221 4462 271 4511 and
285 4462 365 4513 Voss.
385 4463 447 4512 omit
467 4464 494 4522 it,
514 4461 565 4510 and
586 4461 637 4510 An
661 4461 706 4510 has
804 4460 883 4512 ‘Aa
904 4459 1304 4525 odjudieomrit...pere¹merit...

155 4543 359 4606 maliropcridur,
378 4545 424 4594 but
444 4545 487 4593 the
508 4543 583 4592 latter
599 4541 668 4590 word
685 4542 706 4591 is
756 4541 864 4594 dimittet.
