3000 4994
536 362 635 417 uuus
659 364 706 416 ur
731 364 914 419 nouimus.
1256 353 1299 420 23

144 516 264 604 eripere
282 517 434 604 populum
459 516 547 583 bunc.
585 517 658 605 lpse
677 525 727 584 est
748 518 832 583 enim
849 517 902 605 qui
924 519 1094 598 descendit,
1112 525 1147 585 et
1159 518 1301 585 ascendit
1312 531 1366 616 ιιι
1375 531 1415 618 ιιι
1418 532 1465 618 ιιι·

143 631 273 709 propter
292 623 426 688 salntem
447 622 617 687 homiuum
663 623 727 688 Per
743 623 859 688 Filium
879 624 984 711 itaque
1002 625 1054 711 qui
1075 624 1153 689 eat
1144 647 1177 689 ιιι
1192 626 1299 703 Patre,
1325 624 1453 710 ”biffu-

110 769 112 772 >
144 735 179 791 et
199 725 296 791 habet
314 725 347 789 iu
367 748 402 791 se
418 727 559 804 Patrem,
581 727 610 792 is
630 726 692 809 Qui
710 736 768 803 est,
783 727 1002 793 manifestatus
1024 736 1073 793 est
1089 727 1187 806 Deus,
1203 728 1300 793 Patre
1314 745 1464 755 '‘—

67 828 362 895 .u1.testimouium
396 828 578 915 perhibente
614 830 707 908 Filio,
739 839 773 896 et
810 830 890 896 Filio
925 831 1131 896 annuntiante
1161 831 1300 897 Patrem.

146 931 417 1012 Quemadmodum
432 940 464 997 et
479 932 592 998 Esaias
605 933 669 997 ait:
693 933 737 999 Et
750 955 811 1019 epo,
826 933 936 1020 inquit,
952 934 1042 1013 testis,
1058 933 1135 998 dicit
1149 935 1302 1000 Dominus
1314 955 1464 997 Murrio

143 1036 240 1113 Deris,
255 1045 284 1100 et
290 1057 375 1122 puer
388 1058 474 1123 quem
489 1036 573 1123 eleni,
589 1037 638 1101 uti
655 1038 845 1124 eopnoscotis,
860 1047 888 1103 et
904 1037 1046 1117 credetis,
1062 1047 1091 1103 et
1111 1038 1300 1123 intolliuntir,

143 1139 289 1223 quonium
300 1160 350 1224 eqo
363 1160 440 1202 nuru
486 1139 566 1204 Cum
580 1148 687 1203 autem
697 1161 760 1216 eos,
777 1139 904 1226 quinon
919 1148 992 1205 sunt
1007 1140 1060 1219 dii,
1072 1140 1222 1218 nominat,
1238 1161 1302 1204 non

67 1247 123 1336 ff
143 1239 177 1303 in
197 1247 312 1317 totum,
337 1240 598 1325 quemadmodum
620 1240 761 1326 praedixi,
783 1241 944 1329 Scriptura
965 1241 1102 1308 ostendit
1123 1240 1192 1306 illos
1214 1242 1300 1320 deos,

142 1342 285 1408 sedcnm
296 1342 399 1428 sliquo
410 1342 624 1408 additamento
635 1352 668 1409 et
679 1343 916 1431 significatione,
925 1367 980 1431 per
990 1367 1084 1432 quam
1096 1345 1302 1409 ostenduntur

143 1467 207 1510 uon
228 1467 298 1511 esse
319 1445 373 1512 dii.
410 1445 681 1527 Quemadmodum
702 1448 786 1533 apud
809 1447 930 1512 David:
956 1448 1017 1513 Dii
1040 1448 1192 1525 Gentium,
1215 1446 1301 1511 idolo
1315 1468 1431 1508 naxus.

143 1547 374 1614 demoniorum.
413 1548 458 1613 Et
471 1548 552 1614 Deos
562 1549 677 1615 clunes
691 1572 750 1615 non
763 1549 963 1616 tenebimini.
998 1550 1103 1615 Exeo
1118 1549 1202 1615 euim
1217 1549 1455 1637 quodrarxxsro.

144 1651 231 1732 dicit,
264 1654 313 1719 dii
342 1653 494 1732 Gentium,
531 1653 652 1720 Gentes
682 1664 789 1720 autem
820 1678 925 1721 verum
952 1655 1056 1721 Deum
1084 1655 1237 1733 nesciunt,
1267 1663 1301 1720 et

143 1757 260 1822 alienos
278 1757 347 1823 does
364 1758 529 1824 nominans
551 1781 615 1838 eos,
638 1760 769 1825 abstulit
788 1762 870 1848 quod
886 1761 951 1826 sint
965 1761 1017 1827 dii.
1063 1761 1094 1825 Α
1116 1767 1301 1825 sonantem

143 1881 277 1947 persona
292 1860 392 1948 ¹quod
406 1870 455 1927 est
470 1861 546 1926 dicit
558 1862 596 1928 de
611 1863 700 1948 ipsis:
719 1863 800 1929 Sunt
811 1864 894 1929 enim
908 1865 1002 1943 nou,
1018 1864 1128 1951 inquit,
1140 1864 1301 1930 dononio-

144 1986 226 2032 runr.
271 1965 316 2031 Et
338 1965 468 2031 Esaias:
495 1966 732 2052 Confunduntur
745 1990 845 2033 nunes
858 1969 912 2056 qui
927 1968 1134 2055 blasphement
1147 1969 1260 2047 Deum,
1273 1978 1302 2034 et
1315 1988 1368 2029 uo.
1377 1989 1428 2030 ιιι.
1436 1992 1456 2032 ο.

143 2069 287 2154 uehunt
301 2070 440 2149 inutilia,
456 2074 502 2136 2οι
514 2092 564 2157 epo
578 2072 670 2150 testis,
685 2071 762 2136 dicit
776 2072 937 2138 Dominus.
981 2071 1126 2137 Abstulit
1140 2072 1223 2159 qnod
1237 2073 1302 2138 sint

142 2171 205 2247 dii;
229 2172 296 2237 solo
317 2181 424 2238 auteur
443 2174 541 2238 utitur
559 2175 694 2252 nornine,
709 2175 750 2239 ad
772 2174 842 2252 hoc,
857 2184 893 2240 ut
913 2176 1049 2241 sciamus
1068 2174 1107 2239 dc
1131 2197 1192 2261 quo
1212 2174 1298 2240 dicit.

143 2275 218 2341 Hoc
241 2284 348 2341 antem
373 2277 476 2363 ipsum
502 2287 535 2343 et
558 2278 736 2344 Jeremias:
764 2279 835 2358 Dii,
858 2278 969 2366 inquit,
995 2280 1050 2366 qui
1078 2300 1138 2344 non
1157 2280 1421 2363 fescennino.

142 2379 250 2445 mlum
266 2390 294 2445 et
307 2390 432 2460 terrum,
440 2392 574 2468 percont
588 2383 625 2448 de
639 2392 724 2448 terro
738 2388 825 2470 ³quoe
839 2392 881 2447 est
901 2382 955 2448 sub
970 2382 1050 2449 cub.
1096 2382 1148 2447 Ex
1164 2404 1201 2447 eo
1217 2382 1300 2448 enim

142 2482 227 2569 quod
243 2482 447 2567 perditionem
461 2507 568 2550 eornm
582 2486 708 2572 adjecit,
725 2485 863 2551 ostendit
877 2506 939 2549 non
954 2505 1023 2549 csse
1044 2505 1098 2549 eos
1113 2485 1210 2551 Deos.
1255 2485 1301 2550 Et

142 2583 257 2650 Helias
282 2593 388 2650 antem
415 2595 585 2653 convocato
608 2587 752 2653 universo
777 2586 905 2652 lsrael
897 2608 929 2649 m
952 2585 1127 2650 Carmelum
1149 2595 1298 2665 montem,

140 2687 249 2753 volens
264 2710 318 2755 eos
331 2690 372 2754 ab
386 2690 529 2757 idolatria
542 2699 691 2771 avertere,
706 2691 753 2757 ait
767 2691 831 2756 eis:
853 2690 1008 2775 Quousque
1020 2687 1236 2754 obrodicubitis
1250 2711 1299 2754 nos
1310 2710 1382 2796 ³per·
1392 2721 1420 2751 ιι
1421 2710 1450 2750 ιι.

140 2791 178 2856 in
192 2791 363 2859 ombubus⁴
369 2793 610 2880 suffrupinibust
630 2796 687 2860 ⁶Si
701 2817 781 2860 unus
798 2803 840 2859 est
853 2794 1005 2858 Dorninus
1014 2793 1109 2871 Deus,
1125 2793 1221 2856 uenite
1227 2759 1332 2878 post2¹

140 2917 221 2961 euru
255 2896 323 2961 Et
314 2906 427 2962 uerum
441 2919 535 2983 super
549 2897 805 2964 holocaustum
779 2919 826 2963 src
839 2897 885 2962 ait
899 2896 1051 2962 idolorum
1065 2895 1295 2962 sacerdotibus:

148 2998 209 3064 Vos
230 2998 410 3065 invocabitis
433 3001 469 3065 in
491 3002 610 3067 minine
632 3001 758 3067 durum
779 3011 954 3080 cedrorum,
977 3009 1006 3065 et
1027 3022 1077 3087 epo
1098 2999 1241 3066 invocabo
1263 3001 1299 3066 in
1311 3014 1450 3101 {persuu-

138 3190 248 3251 Ιιωοοιυ,
264 3189 692 3255 timbemiqbtfillobllbinps5'’or‚
796 3192 1011 3255 ⁴Suffrnpiuibus,
1035 3191 1301 3256 Th0hockofoquad·

138 3291 169 3323 aa
180 3275 201 3324 it
212 3274 295 3323 would
301 3291 375 3335 seem,
385 3275 411 3323 in
420 3275 559 3325 allusionto
566 3277 608 3325 the
615 3275 695 3325 worda
748 3273 827 3338 ruped
838 3290 865 3322 aa
876 3272 1057 3337 distinguished
1068 3273 1131 3320 lrom
1143 3273 1186 3321 the
1196 3271 1260 3321 knee
1266 3272 1301 3337 by

138 3355 170 3404 oi
186 3356 229 3404 the
248 3355 354 3405 Enatcrn
367 3355 452 3417 (breed,
470 3356 522 3405 ubo
533 3357 580 3420 sor
595 3373 625 3405 us
642 3373 695 3406 men
748 3356 790 3404 the
801 3355 934 3404 hsclrwsrd
949 3355 1022 3405 bend.
1059 3354 1118 3413 Qun
1128 3353 1224 3404 animal
1232 3371 1300 3418 peru-

138 3437 194 3486 nad
204 3437 251 3500 sor
266 3453 312 3486 cur
326 3438 446 3487 mindun
462 3454 528 3488 cume
544 3439 614 3486 doron
624 3438 695 3501 suoru
747 3444 812 3498 runt,
819 3443 960 3500 emundate
967 3436 1102 3499 reflectunt,
1113 3436 1301 3499 etsuffruoinurn

137 3518 236 3569 konnen
266 3520 383 3584 Viewiug
393 3521 437 3569 the
447 3526 556 3581 context,
565 3521 693 3581 therefore,
748 3518 973 3569 nominaverim.
981 3556 987 3569 .
994 3555 999 3568 .
1007 3519 1086 3578 ‚dcun
1098 3526 1124 3567 ut
1133 3518 1300 3581 quadrupedes

137 3601 162 3650 it
179 3601 243 3650 need
260 3606 306 3650 not
322 3603 429 3666 surprise
446 3619 475 3651 ua
494 3603 551 3651 that
569 3603 695 3650 Ianusue
747 3602 802 3651 ulos
823 3602 851 3652 in
869 3601 958 3665 priora
978 3608 1086 3662 sumunt,
1109 3601 1254 3664 suffr-opines
1272 3602 1300 3650 in

138 3682 232 3733 should
242 3683 307 3732 have
322 3682 451 3748 perceived
462 3683 487 3731 in
499 3684 542 3732 the
553 3689 658 3732 account
669 3683 698 3732 ol
743 3683 884 3745 pensiore.
922 3683 998 3733 Pur
1022 3681 1089 3731 Hist
1113 3680 1172 3732 Not.
1197 3694 1234 3731 xl
1258 3693 1298 3745 45

138 3764 226 3815 Moses
244 3780 260 3813 a
277 3765 463 3814 manifestotion
480 3765 509 3814 oi
527 3766 571 3814 the
594 3765 644 3814 Son
666 3781 694 3815 os
747 3765 801 3815 'lhe
823 3766 911 3816 LXX
929 3767 993 3815 hove
1014 3766 1072 3814 here
1095 3766 1133 3814 ἐπ’
1153 3765 1300 3827 ἀμφοτέραις

138 3846 195 3896 well
206 3863 234 3895 ss
245 3847 274 3895 ol
281 3847 325 3896 the
336 3847 437 3897 Father.
748 3850 846 3910 ἰγνύαις
879 3848 932 3898 The
944 3848 1053 3897 Hehrew
1064 3847 1173 3902 D'DPDH
1193 3846 1249 3907 'nv
1264 3820 1299 3907 59

189 3927 499 3990 ¹cbrespoedsonbiorr
512 3926 675 3994 (eunucu).
747 3931 830 3979 would
852 3931 916 3979 hsve
937 3931 998 3979 been
1021 3927 1139 3978 rendered
1162 3910 1243 3975 bettei
1264 3928 1299 3992 by

188 4008 296 4059 'Theou
317 4010 466 4074 concluding
489 4013 570 4060 words
597 4028 639 4060 are
660 4028 693 4060 sn
747 4012 787 4061 ἐπ’
805 4012 948 4073 ἀμφοτέροις
963 4012 1066 4072 μέρεσιν.
1102 4009 1135 4056 So
1153 4008 1297 4070 (iussurus,

137 4090 324 4155 interpolation,
343 4092 437 4156 having
452 4093 515 4143 been
527 4093 643 4157 repented
660 4094 694 4158 by
747 4094 797 4157 uus
805 4093 845 4142 die
858 4093 940 4142 beiden
952 4092 1037 4141 Scitcn.

138 4173 182 4223 the
198 4173 360 4222 maneas
373 4175 402 4223 oi
414 4175 456 4224 the
466 4176 559 4236 writer,
573 4191 601 4224 ss
618 4175 692 4224 Mus·
796 4175 846 4224 'Si
856 4189 921 4222 unus
931 4181 962 4223 est
970 4173 1100 4223 Dominus.
1119 4173 1207 4223 LXX.
1218 4175 1238 4221 el
1247 4175 1300 4224 ἔστι

138 4267 341 4320 aunanpposea,
350 4257 694 4323 fromthepreoedingquots·
748 4259 935 4322 Κύριοιόθεὸς.
964 4257 1017 4305 The
1025 4255 1165 4305 wordunus
1174 4256 1299 4323 evidently

137 4337 191 4386 tion
202 4336 268 4386 from
281 4337 374 4387 Iaaiah.
747 4358 816 4390 croso
827 4341 891 4389 from
903 4357 918 4388 s
928 4340 1071 4404 corruption
1083 4340 1111 4388 os
1120 4342 1140 4388 cl
1151 4342 1210 4390 ἔστι.
1223 4340 1298 4390 Mas·

187 4418 315 4470 ⁸cuu..
309 4393 591 4498 ιβιιιιιιιῑιιιιιιιιιι
603 4420 691 4473 Lxx.
748 4435 812 4472 ιιιι
826 4423 946 4485 imagines
960 4423 1018 4471 uui
1030 4423 1072 4471 ne
1089 4422 1224 4472 nanuum
1240 4422 1300 4471 reu

138 4504 180 4552 «et
187 4504 343 4552 ὑποκάτωθεν
351 4519 393 4550 του
382 4504 500 4564 ciocum
507 4505 600 4553 τουτου
612 4504 690 4569 Vulg.
748 4506 781 4554 εἷς
796 4505 834 4554 ior
850 4506 878 4564 sl,
897 4504 947 4553 aud
963 4504 1020 4554 that
1035 4504 1079 4552 the
1095 4505 1197 4568 particle
1213 4502 1299 4552 rinos

138 4584 508 4651 adebisquoembcoelonun
747 4587 826 4636 added
836 4587 900 4636 from
911 4588 954 4636 the
965 4587 1006 4636 old
1017 4587 1090 4636 Italic
1101 4587 1206 4636 version.
