3000 4994
256 350 323 416 218
617 366 774 418 nannum
801 365 1043 418 ruvrsrnrnan

116 539 219 627 32}st
254 541 421 606 perquam
443 519 588 606 ¹perfeoit
607 518 798 585 voluntatem
818 518 935 595 Patris,
956 523 1044 605 ²quae
1059 523 1108 582 est
1128 503 1160 580 in
1174 514 1273 592 ooelis,
1291 520 1324 579 et
1338 532 1408 599 quae

120 631 214 718 Q}
255 632 305 689 est
327 624 359 688 in
378 623 488 689 terris:
511 623 565 688 alii
587 644 659 688 vero
682 630 715 687 et
734 622 851 709 glorias
873 630 1019 707 paternas
1044 620 1236 706 temporibus
1256 625 1357 704 aptas,
1376 624 1409 681 et

115 709 242 811 ”filli
256 728 333 814 ipsis
347 727 399 812 qui
411 725 567 803 videbant,
583 731 616 790 et
631 725 703 811 ³qui
717 733 792 790 tuno
806 724 984 802 audiebant,
996 732 1029 789 et
1037 723 1182 788 omnibus
1194 721 1248 809 qui
1263 720 1409 806 deinceps

92 846 237 860 ··-·
255 830 391 896 audituri
406 837 505 895 erant.
543 829 596 894 Sio
610 828 707 916 igitur
723 827 981 893 manifestabatur
1000 826 1107 891 Deus:
1132 848 1187 911 per
1207 824 1311 890 omnia
1325 823 1409 887 enim

255 931 324 998 haeo
346 932 435 997 Deus
453 931 550 996 Pater
571 931 753 1007 ostenditur,
773 929 892 1016 Spiritu
909 929 1033 1016 quidem
1051 936 1209 1013 operante,
1233 926 1315 990 Filio
1336 946 1408 990 vero

256 1034 520 1114 ⁴udministrante,
531 1035 627 1098 Patre
636 1055 708 1100 vero
720 1035 950 1119 comprobante,
960 1033 1084 1098 bomine
1095 1036 1408 1097 vero⁴oonsummato

94 1153 238 1195 012211210·
254 1137 296 1202 ad
317 1137 460 1203 salutern.
505 1137 773 1218 Quemadmodum
795 1145 827 1202 et
850 1160 906 1224 per
930 1137 1113 1223 prophetam
1140 1137 1221 1201 Osee
1242 1136 1305 1200 ait:
1330 1135 1406 1221 Epo,
1421 1159 1498 1199 usu

256 1242 365 1330 inquit,
383 1242 509 1307 risimus
522 1243 734 1328 multiplicari,
751 1252 779 1308 st
792 1243 826 1307 in
840 1242 978 1307 manibus
984 1242 1206 1329 propitiaturum
1223 1241 1409 1305 assimilatus

92 1365 203 1404 rosam.
254 1367 330 1410 sum.
387 1345 559 1430 Apostolus
587 1353 694 1410 autern
723 1345 857 1432 idipsum
889 1345 1044 1431 exposuit,
1073 1345 1198 1410 dicens:
1236 1344 1409 1407 Diuisionas

92 1413 146 1456 Μ’
255 1458 355 1513 autam
370 1448 587 1513 charismatum
600 1458 678 1527 sunt,
694 1448 777 1513 idom
791 1458 892 1514 autam
907 1450 1063 1534 Spiritum:
1087 1458 1115 1513 at
1129 1446 1290 1512 diouianas
1304 1448 1408 1511 urinis·

255 1552 400 1616 turiurum
420 1560 501 1630 sunt,
524 1551 605 1615 idam
627 1552 744 1616 ⁶uutam
763 1551 930 1616 Dominus:
955 1561 983 1617 st
1012 1552 1175 1617 divisiones
1200 1552 1408 1636 operationum

254 1665 333 1734 sunt,
347 1655 430 1719 idam
444 1665 544 1719 autam
559 1655 651 1733 Deus,
667 1655 722 1741 qui
735 1665 881 1741 oporatur
894 1657 997 1721 omniu
1011 1657 1046 1721 in
1057 1655 1199 1721 omnibns.
1237 1656 1409 1743 Unicuique

254 1767 355 1823 autam
381 1759 475 1822 datur
497 1756 702 1842 ruaniseatatio
727 1757 866 1842 Spiritus
888 1758 934 1823 ad
956 1759 1128 1824 utilitatem.
1175 1759 1237 1824 Sed
1262 1759 1408 1844 quoniam

255 1861 308 1945 qui
333 1860 438 1925 omnia
459 1859 492 1923 in
521 1859 663 1925 omnibus
693 1868 848 1946 operatur,
880 1861 968 1927 Deus
994 1870 1052 1941 est,
1073 1861 1193 1948 ⁰qualis
1214 1870 1248 1927 et
1273 1870 1407 1947 quantus

255 1970 314 2042 est,
336 1962 498 2028 invisibilis
512 1970 544 2027 et
562 1962 775 2028 inenarrabilis
789 1972 837 2029 est
857 1965 1000 2030 omnibus
1019 1988 1088 2053 quae
1103 1967 1144 2030 ab
1163 1987 1201 2031 eo
1219 1966 1303 2031 faeta
1322 1975 1406 2046 sunt,

254 2065 433 2152 incognitus
447 2073 553 2131 autem
573 2087 787 2152 nequaquam:
812 2068 917 2132 omnia
931 2071 1014 2134 enim
1029 2092 1084 2156 per
1102 2069 1244 2135 Verbum
1258 2070 1326 2156 ejus
1345 2071 1407 2135 dis-

254 2175 340 2246 eunt,
355 2168 444 2256 'quia
461 2175 510 2233 est
523 2189 605 2232 unus
624 2168 713 2233 Deus
731 2170 838 2250 Pater,
859 2172 912 2257 qui
932 2174 1071 2238 eontinet
1085 2174 1198 2251 omnia,
1215 2181 1248 2239 et
1265 2174 1408 2239 omnibus

254 2291 324 2335 esse
346 2279 486 2357 praestat,
509 2271 767 2358 quemadmodum
791 2273 824 2338 in
849 2275 1019 2363 Evangelio
1040 2277 1191 2363 seriptum
1216 2285 1283 2342 est:
1306 2279 1408 2341 Deum

253 2396 338 2440 namo
352 2375 432 2440 uidit
445 2398 599 2462 unquam:
621 2377 684 2442 nisi
698 2378 870 2463 unipanitus
888 2380 1003 2461 Filius,
1018 2382 1073 2468 qui
1087 2391 1129 2446 ast
1146 2383 1181 2447 in
1200 2383 1270 2446 sinu
1283 2383 1406 2463 Patris,

253 2479 319 2565 ipsa
332 2480 504 2545 enarravit.

321 2584 353 2652 7.
397 2584 553 2649 ⁸Enarrat
567 2606 642 2672 ergo
656 2585 697 2650 ab
712 2583 801 2650 initio
817 2585 919 2652 Filius
935 2586 1050 2667 Patris,
1067 2588 1179 2674 quippe
1196 2587 1248 2674 qui
1262 2589 1302 2652 ab
1317 2588 1407 2654 initio

254 2692 304 2751 est
317 2708 388 2751 oum
403 2686 509 2765 Patre,
525 2686 578 2774 qui
593 2697 626 2754 et
639 2688 774 2753 visiones
787 2688 992 2775 propheticas,
1008 2699 1041 2756 et
1060 2690 1224 2756 divisiones
1238 2691 1407 2756 charisma-

255 2796 333 2869 tum,
353 2797 386 2855 et
403 2790 575 2855 ministeria
592 2813 658 2870 sua,
680 2800 713 2856 et
733 2791 839 2858 Patris
858 2792 1113 2880 glorificationem
1129 2802 1354 2880 consequenter
1374 2801 1407 2858 et

255 2893 425 2977 composite
446 2892 615 2957 ostenderit
629 2893 764 2959 humano
783 2895 899 2982 generi,
919 2904 993 2981 apto
1014 2904 1153 2982 tempore
1167 2896 1207 2960 ad
1229 2895 1406 2961 utilitatem.

255 2993 341 3059 9Ubi
363 3000 412 3058 est
431 2994 514 3057 enim
530 2995 760 3079 consequentia,
783 2996 844 3061 illio
864 3005 897 3061 et
914 2996 1108 3063 constantia:
1133 3005 1165 3061 et
1186 2998 1240 3062 ubi
1261 3006 1407 3062 constan-

256 3097 310 3175 tia,
336 3096 397 3161 illio
423 3103 456 3161 et
475 3118 531 3182 pro
555 3104 711 3183 tempore:
735 3106 768 3163 et
792 3099 844 3164 ubi
867 3121 924 3187 pro
952 3108 1101 3186 tempore,
1128 3100 1190 3164 illio
1214 3109 1246 3165 et
1270 3099 1404 3164 utilitas:

255 3206 288 3264 et
309 3208 472 3286 propterea
495 3199 636 3265 Verbum
659 3201 853 3286 dispensator
878 3211 1016 3287 paternae
1041 3204 1151 3290 gratiae
1172 3204 1274 3268 factus
1296 3203 1407 3268 estad

255 3307 423 3372 utilitatem
437 3307 607 3383 hominum,
626 3317 751 3395 propter
765 3332 843 3395 quos
857 3309 931 3375 lenit
946 3319 1051 3375 tantas
1065 3310 1292 3397 dispositiones,
1307 3309 1407 3374 homi·

255 3410 347 3474 nibus
361 3409 486 3495 quidem
504 3411 671 3477 ostendens
686 3412 800 3489 Deum,
817 3412 911 3478 ¹⁰Deo
930 3421 1034 3478 autem
1057 3413 1208 3478 exhibens
1226 3411 1403 3477 hominem:

303 3598 312 3629 ¹
331 3598 441 3660 Cusum,
455 3597 562 3661 alswit
595 3600 646 3648 Aa
656 3598 765 3662 perfecti.
906 3599 916 3632 ⁷
934 3599 1000 3663 quia,
1015 3599 1069 3658 Cn,
1084 3599 1165 3649 Voss
1195 3598 1245 3661 qui,
1258 3600 1309 3647 Aa.

303 3677 314 3709 ²
330 3679 425 3728 Gma
447 3680 571 3728 considers
589 3696 641 3743 qum
653 3686 680 3729 to
698 3682 762 3730 refer
777 3686 804 3730 to
904 3681 914 3711 ⁸
931 3683 982 3730 As.
996 3689 1016 3729 et
1026 3689 1122 3731 narum.

253 3760 496 3820 administrationem,
506 3762 747 3819 nottoaoluntatern,·
757 3765 804 3813 but
904 3761 915 3793 ⁰
930 3762 1027 3810 Horum
1038 3777 1119 3811 sennis
1127 3761 1216 3811 clarior
1224 3760 1407 3810 eruditeaerbis

253 3844 296 3892 the
311 3843 417 3892 allusion
428 3848 455 3891 to
467 3844 509 3891 the
520 3844 601 3892 worda
618 3844 646 3892 ol
659 3845 701 3893 the
718 3845 804 3893 Lord's
857 3842 952 3903 Graan,
967 3858 1019 3904 qua
1030 3858 1078 3890 nan
1090 3842 1174 3891 dubito
1179 3842 1260 3904 fuum
1270 3843 1405 3905 reponsio.-

181 3983 183 3988 .
254 3924 348 3989 Prayar
362 3926 383 3973 is
397 3930 441 3974 too
451 3926 519 3990 plain
531 3932 558 3974 to
569 3927 642 3976 allow
655 3928 684 3975 ol
698 3928 758 3976 such
771 3944 803 3975 an
854 3925 915 3972 ὄπου
929 3925 979 3986 γάρ
993 3927 1046 3973 ἐστι
1062 3926 1198 3984 ἀκολουθία,
1212 3926 1262 3972 ἐκεῖ
1271 3926 1310 3972 καὶ
1323 3926 1406 3973 etard-

252 4008 418 4071 oxplanation.
855 4007 915 4052 θεια·
934 4007 973 4053 nal
989 4007 1049 4054 ὅπου
1067 4006 1201 4064 εὐστάθεια,
1221 4006 1407 4053 infinalitas&

301 4086 312 4119 ³
323 4088 601 4149 qui...uuntt1u‚An.,
612 4089 643 4138 al.
656 4088 801 4139 hominibus.
854 4087 937 4146 χρόνον
947 4086 989 4148 (m.
998 4086 1127 4149 ἐπικαιρια)
1139 4087 1246 4135 nattum
1253 4088 1316 4135 κατὰ
1322 4088 1407 4148 χρόνον

301 4168 312 4199 ⁴
327 4170 487 4231 ministrante,
502 4171 556 4231 Clu,
570 4171 660 4230 Voss„
673 4172 724 4221 AB.
749 4187 803 4221 con·
853 4166 1006 4231 (ἐπικαιρια),
1021 4170 1070 4216 ἐκεῖ
1080 4171 1119 4216 καὶ
1131 4169 1257 4230 συμφέρον.
1281 4168 1385 4219 ΟΒΑΒΕ.

251 4259 391 4312 mmmanta,
406 4253 457 4301 Aa.
903 4248 924 4279 ¹⁰
941 4250 996 4297 Deo
1008 4254 1099 4298 autern.
1117 4250 1158 4298 Sia
1175 4249 1300 4311 lepntdurn
1313 4251 1406 4298 monuit

301 4331 414 4392 raum,
434 4333 488 4398 syr.
511 4297 562 4392 ill,
584 4335 631 4383 bur
648 4333 703 4394 cu,
721 4334 800 4384 voss.
853 4330 1004 4381 dociminus
1018 4333 1124 4381 nunnus
1138 4332 1406 4395 transferendam

251 4417 271 4458 a
282 4410 354 4462 idem.
388 4415 440 4465 Aa.
454 4416 545 4479 simply
555 4415 627 4466 idem.
852 4415 959 4464 Niaoenoe
966 4431 1025 4478 pop.
1038 4414 1094 4479 469,
1107 4422 1128 4464 st
1138 4414 1174 4463 sio
1184 4430 1274 4478 quoqroe
1288 4416 1407 4478 seriptum

248 4542 251 4547 .
299 4492 310 4524 ⁶
326 4496 407 4556 quala
417 4503 438 4545 et
448 4505 561 4560 pstarrtus,
578 4498 631 4559 Cn,
644 4499 724 4548 Voss.
751 4498 802 4546 For
852 4496 931 4559 reperi
938 4497 966 4544 in
974 4498 1080 4545 Anarta.
1093 4512 1148 4545 mum
1155 4497 1250 4559 reliqum
1257 4497 1406 4560 exemplar-ia

250 4576 278 4632 et,
290 4574 340 4622 As.
355 4581 393 4623 est.
849 4593 978 4641 perparum-
989 4577 1098 4639 babeam,
1109 4578 1201 4626 Deum.
1230 4577 1326 4640 Quippe
1334 4579 1404 4627 illam
