3000 4994
231 354 274 421 76
603 368 821 423 msorrnrnn
847 369 993 423 Anonm

90 542 194 628 1131211·
232 547 391 613 nunqnam
421 524 521 590 Paulo
552 522 692 611 adjuncti
720 524 856 604 suerunt,
878 524 1051 613 gloriantur
1071 525 1254 593 abscondita
1283 534 1316 592 et
1337 526 1384 589 in-

68 614 218 721 flfflfilg·
232 627 417 695 enarrabilia
432 626 578 691 didicisse
592 627 807 691 sacramental

64 728 209 815 j}-
297 733 327 795 2.
373 729 528 812 Quoniam
547 735 652 793 autem
676 727 795 793 Paulus
815 728 997 813 simpliciter
1019 751 1088 816 qnae
1110 730 1240 808 sciebat,
1263 730 1331 794 haec
1352 738 1385 794 et

231 832 347 908 docuit,
363 853 425 895 uon
439 830 539 896 solum
555 851 609 896 eos
630 830 682 916 qui
705 851 775 894 cum
798 852 836 894 eo
858 839 958 910 erant,
973 854 1079 897 vemm
1101 854 1208 898 omnes
1222 833 1385 897 audientes

231 957 276 1015 ae,
292 935 359 1019 ipae
373 933 450 998 facit
465 932 674 997 manifestum.
716 932 755 995 lu
773 931 885 997 Mileto
900 933 984 997 enim
1008 934 1188 1000 convocatis
1211 935 1385 1020 ¹episcopis

232 1045 265 1102 et
279 1034 477 1123 presbyteris,
502 1033 554 1121 qui
570 1041 659 1099 erant
673 1034 714 1099 ab
729 1033 857 1120 Epheso
876 1043 910 1100 et
926 1057 946 1099 a
967 1035 1093 1121 reliquis
1112 1037 1263 1122 proximis
1277 1036 1385 1102 civita·

232 1139 327 1216 tibae,
350 1137 496 1225 quoniam
519 1137 585 1222 ipse
606 1135 769 1201 festinaret
793 1135 1022 1223 Hierosolymis
1046 1137 1255 1203 Pentecosten
1280 1159 1384 1224 agere,

232 1240 330 1306 multa
355 1239 528 1305 testificans
553 1237 609 1315 eis,
624 1245 666 1303 et
685 1237 793 1302 dicens
812 1259 881 1324 quae
907 1241 1082 1324 ²oporteret
1102 1239 1132 1302 ei
1157 1238 1385 1325 Hierosolymis

69 1364 216 1405 nnun-
232 1342 364 1421 evenire,
387 1341 521 1425 adjecit:
549 1341 619 1408 Seio
640 1341 783 1425 qnoniam
800 1339 871 1423 jani
893 1360 952 1404 non
975 1339 1114 1405 videdit-ie
1127 1340 1247 1426 faeiem
1267 1363 1383 1405 meam:

69 1411 99 1451 ἢ
232 1446 371 1528 testificor
392 1445 489 1531 ipitnr
513 1441 593 1508 nodis
615 1442 672 1507 lae
695 1442 755 1520 die,
781 1442 924 1528 quereiam
950 1443 1079 1507 menduc
1102 1465 1169 1507 earn
1193 1464 1215 1505 a
1239 1444 1385 1529 eenpnine

231 1549 372 1613 omnium.
417 1548 492 1611 Non
514 1548 593 1611 enim
615 1545 755 1610 metrani
777 1546 824 1609 ati
847 1567 907 1609 non
929 1547 1146 1611 annuntiarem
1168 1545 1247 1610 nodia
1271 1568 1385 1609 omnem

231 1651 407 1715 sententiam
420 1648 492 1714 Dei.
538 1647 697 1712 Attendite
711 1647 808 1732 ipitnr
822 1656 850 1711 et
864 1647 952 1726 eolis,
969 1658 995 1712 et
1009 1649 1091 1713 omni
1103 1650 1200 1735 9er
1216 1649 1251 1712 in
1264 1670 1322 1734 qno
1337 1670 1386 1712 nos

236 1753 374 1839 Βρὶνίτιω
397 1760 517 1816 sannae
537 1750 710 1837 proposcit
732 1750 888 1837 episcopos,
912 1749 1034 1836 8repere
1059 1750 1211 1815 eeelmmm
1232 1749 1383 1826 ‘Domini

233 1877 325 1941 pram
349 1853 425 1919 ⁵nidi
450 1853 600 1918 eorntdnit
622 1874 685 1939 per
708 1852 885 1938 sanpninem
912 1874 1010 1917 annm.
1058 1851 1181 1917 Deinde
1205 1851 1385 1939 significans

68 1977 117 2063 pyt
127 1985 164 2015 xx.
172 1975 202 2023 υ,
233 1957 355 2021 futuros
368 1954 467 2020 malos
478 1955 630 2032 doctores,
646 1953 727 2018 dixit
740 1977 747 2017 :
769 1953 835 2039 Epo
848 1955 908 2017 seio
921 1955 1062 2038 qnoniam
1072 1953 1234 2017 advenient
1241 1962 1311 2038 post
1324 1951 1385 2015 die-
1399 1976 1429 2015 rr.
1440 1977 1483 2015 ror.

233 2080 344 2122 emerem
355 2078 453 2122 meum
466 2057 534 2142 lupi
544 2078 653 2142 praees
667 2056 713 2120 act
725 2078 783 2133 eos,
799 2078 858 2119 non
871 2066 1034 2142 parcentes
1044 2057 1139 2141 prepi.
1183 2057 1227 2120 Et
1242 2077 1279 2119 en
1294 2053 1385 2119 nodie

233 2160 308 2245 meis
322 2169 479 2246 eaenrymt
493 2159 556 2222 oiri
570 2158 718 2244 loquentes
725 2179 885 2244 perversa,
901 2159 948 2223 nti
962 2167 1135 2222 mnoertant
1149 2156 1309 2242 discipulos
1316 2167 1386 2243 post

233 2284 274 2327 ee.
317 2262 391 2326 Non
408 2260 555 2338 sndtraai,
575 2259 686 2345 inquit,
702 2262 749 2326 nti
765 2282 824 2324 non
846 2261 1064 2325 annuntiarem
1076 2282 1189 2325 omnem
1209 2260 1386 2324 sententiam

234 2365 298 2429 Dei
311 2363 401 2430 mdis.
446 2363 499 2429 Sic
515 2363 661 2450 Apostoli
681 2362 872 2449 simpliciter,
895 2371 928 2428 et
949 2362 1088 2428 ⁰nemini
1108 2361 1290 2438 invidentes,
1315 2383 1385 2447 quse

234 2470 407 2535 didicerant
422 2469 481 2555 ipsi
497 2491 518 2533 a
532 2469 680 2547 Domino,
703 2469 772 2533 haec
789 2468 932 2533 omnibus
946 2468 1121 2534 tradebant.
1164 2468 1216 2531 Sic
1235 2467 1331 2553 igitur
1353 2475 1385 2531 et

236 2572 340 2638 Lucas
361 2572 478 2636 nemini
501 2571 650 2649 invidens,
674 2592 712 2635 ea
735 2592 804 2657 quae
826 2571 867 2636 ab
888 2571 935 2637 eis
956 2570 1116 2651 didicerat,
1134 2570 1264 2634 tradidit
1283 2570 1384 2647 nobis,

234 2675 316 2740 sicut
331 2675 397 2760 ipse
411 2674 598 2740 testificatur
612 2674 735 2739 dicens:
758 2674 1013 2753 Querrmdmodnm
1027 2674 1224 2739 tradiderant
1237 2673 1319 2738 nodis
1332 2675 1387 2759 qni

234 2776 273 2841 nd
287 2778 375 2841 initio
390 2776 630 2862 conternpdrtores
644 2786 672 2840 et
685 2777 820 2841 ministri
830 2778 965 2860 snernnt
983 2775 1083 2841 Verbi.

298 2883 330 2945 3.
375 2879 409 2943 Si
439 2888 546 2943 autem
576 2878 645 2962 quis
676 2879 810 2943 ⁷refutet
843 2877 971 2956 Lucam,
1003 2879 1091 2965 quasi
1121 2900 1184 2944 non
1207 2878 1386 2965 cognoverit

233 2981 406 3059 veritatem,
430 2981 613 3046 manifestus
627 2981 686 3046 erit
701 2982 866 3068 projiciens
878 2982 1093 3069 Evangelium,
1109 2984 1198 3068 cujus
1219 2983 1387 3068 ⁸dignatur

233 3106 301 3150 esse
332 3083 509 3169 discipulus.
566 3083 705 3149 Plurima
735 3084 873 3150 enimet
900 3085 1001 3171 magis
1027 3086 1200 3150 necessaria
1223 3086 1385 3172 Evangelii

233 3210 288 3274 per
318 3187 400 3252 huno
423 3186 633 3272 eognovimus,
664 3187 746 3252 sicut
765 3186 923 3251 Johannis
943 3188 1185 3273 generationem,
1208 3189 1301 3253 etde
1324 3189 1385 3253 Za·

232 3290 339 3355 charia
352 3290 523 3368 historiam,
546 3298 579 3356 et
592 3290 759 3355 adventum
778 3290 880 3377 angeli
895 3290 937 3354 ad
953 3290 1099 3369 Mariam,
1121 3300 1154 3357 et
1168 3292 1386 3357 ⁹exclamatio-

282 3443 631 3509 ¹EpiaaopiaetPr-eedyteris.
661 3446 783 3495 Noncon·
833 3444 885 3507 plau
912 3447 952 3494 nal
979 3446 1048 3506 θεοῦ,
1081 3445 1130 3495 and
1158 3447 1200 3495 the
1229 3446 1315 3511 Syriae
1341 3447 1387 3496 has

231 3524 332 3575 tradieit
347 3525 455 3575 Imnoeaa
469 3526 494 3575 S.
514 3527 594 3587 Lina,
613 3526 656 3590 qui
670 3528 781 3576 Aetxx.
836 3559 926 3610 Cym-m.
958 3523 966 3616 Ι
1056 3543 1135 3603 ¹30,
1164 3526 1296 3630 mm

232 3607 785 3671 Episeoporetl’reatyteroreosdemfaeem
927 3597 934 3619 '

231 3688 334 3738 videtur·
370 3688 466 3752 quim
483 3689 597 3737 anemo
613 3688 699 3736 mm
716 3703 783 3737 ma·
884 3656 1098 3717 ⁵nhrconatrtnrt
1113 3659 1308 3720 περιεποιήσατο,
1329 3657 1385 3722 Syr.

232 3771 343 3820 telorum
354 3778 480 3834 utrunque
491 3770 601 3818 ordinere
611 3770 636 3819 S.
647 3769 728 3819 Lucas
737 3770 785 3835 rip·
834 3751 950 3816 M?
968 3770 1041 3817 qnam
1057 3755 1190 3818 stillim·

231 3851 426 3916 nificarepotnit.
451 3852 502 3901 Gn.
516 3851 546 3901 cf.
559 3867 584 3916 p.
597 3861 619 3912 7,
633 3868 658 3900 n.
670 3864 694 3914 5.
884 3846 959 3897 ‘We
974 3850 1076 3898 observa
1093 3851 1198 3898 hereno
1213 3850 1324 3898 traceof
1338 3866 1388 3914 any

280 3931 395 3982 'Mass
409 3933 454 3981 has
466 3938 562 3994 oportet,
575 3931 621 3979 but
632 3931 675 3980 the
686 3932 784 3980 erroris
835 3930 971 3994 disciplina
988 3931 1083 3992 arcani,
1102 3931 1182 3980 which
1199 3948 1248 3980 was
1263 3932 1327 3980 from
1346 3934 1388 3981 tha

232 4029 279 4061 one
296 4013 324 4062 of
337 4014 381 4062 the
394 4030 470 4077 presa,
484 4014 564 4062 which
581 4014 602 4062 is
620 4013 733 4062 followed
750 4015 784 4078 by
834 4013 890 4061 first
902 4012 943 4061 the
954 4013 1038 4061 dsvioe
1049 4013 1078 4061 oi
1086 4014 1180 4078 herusy.

233 4095 348 4143 Selenen
355 4113 361 4155 ;
373 4095 434 4142 both
443 4095 485 4143 the
493 4094 593 4143 Cannu.
603 4093 654 4142 and
660 4095 710 4143 An.
721 4095 785 4143 have
884 4092 895 4126 ⁷
911 4093 1003 4156 refutet,
1018 4096 1178 4157 παραπέμπῃ,
1188 4094 1248 4143 Vol.
1261 4107 1279 4143 1.
1294 4110 1353 4163 1,‚n.
1365 4109 1386 4157 3.

233 4181 353 4238 oportet-et.
834 4181 856 4223 et
872 4174 1000 4238 following
1017 4176 1037 4223 ia
1056 4176 1179 4224 cancellad
1195 4192 1222 4224 as
1236 4176 1261 4224 in
1277 4177 1320 4225 the
1332 4176 1385 4235 On,

282 4254 294 4287 ⁸
309 4272 394 4318 mm,
408 4259 545 4317 ronaco,
559 4257 614 4322 syr.
627 4256 659 4306 V.
681 4221 786 4337 pail
835 4256 897 4316 Aa,
910 4256 991 4305 voss,
1004 4256 1081 4305 uss.

233 4336 286 4385 The
304 4336 438 4385 translator
452 4338 552 4387 rendere
570 4340 613 4387 tha
627 4338 696 4386 word
711 4338 736 4386 in
752 4337 785 4385 its
884 4337 896 4370 ⁸
912 4339 980 4387 Here
992 4339 1045 4399 Cn,
1055 4340 1146 4398 Voss„
1157 4339 1245 4389 Mass.
1259 4340 1321 4388 omit
1330 4355 1388 4400 non,

233 4416 338 4480 poetical
354 4434 431 4467 sense.
835 4421 885 4469 and
904 4422 925 4469 it
945 4421 965 4470 is
985 4422 1065 4469 better
1084 4437 1170 4485 away;
1193 4421 1320 4483 dipnatnr,
1339 4421 1390 4470 will

283 4495 294 4527 ⁴
311 4496 420 4557 Domini,
442 4499 486 4547 the
505 4500 588 4549 Codex
608 4500 686 4549 ΒΜ
700 4517 785 4565 agrees
836 4507 969 4567 represent,
983 4503 1050 4562 ἀξιοῖ,
1065 4501 1151 4550 claime
1161 4509 1185 4550 to
1196 4503 1229 4551 de.

234 4578 295 4626 nith
309 4576 451 4638 Imaum
471 4580 542 4628 other
562 4581 638 4631 MSS.
657 4581 721 4631 have
738 4582 785 4631 Kn
885 4580 896 4614 ⁹
912 4581 1114 4641 minorationem,
1128 4583 1270 4644 duodenam.
