3000 4994
594 372 642 423 nu
667 371 839 426 campas.
1214 358 1280 422 263

126 526 375 592 additamentum
387 548 487 612 neque
501 525 688 591 ablationem
699 525 860 613 recipiens,
876 533 909 591 et
923 526 1015 592 lectio
1026 527 1094 592 sine
1108 526 1280 604 falsatione,
1294 534 1349 574 UB-
1360 534 1399 619 gy·
1410 533 1449 572 ¹¹1¹·

128 640 162 696 et
183 630 353 695 secundum
380 630 558 716 Scripturas
584 631 739 717 expositio
765 631 906 719 legitima
928 641 961 698 et
987 631 1130 719 diligens,
1154 640 1188 697 et
1213 631 1281 696 sine
1294 624 1446 712 Ἢζςὶῑᾶῑ

129 733 266 821 periculo
288 741 321 798 et
347 733 415 798 sine
435 734 647 820 blasphemia:
678 743 711 800 et
733 734 940 820 ¹praecipuum
961 735 1137 800 dilectionis
1158 755 1281 810 munus,
1316 719 1419 759 ’ΨΜ

129 837 213 923 quod
237 845 286 900 est
309 835 475 922 pretiosius
497 857 591 922 quam
619 836 748 924 agnitio,
775 837 941 925 gloriosius
963 847 1069 903 autem
1095 859 1189 924 quam
1213 857 1281 924 pro·
1296 835 1440 924 {ggjgffpl

129 939 245 1026 phetia,
261 940 405 1004 omnibus
419 948 525 1004 autem
539 939 666 1026 reliquis
681 940 921 1007 charismatibus
935 940 1196 1028 ²supereminens.

595 1216 697 1284 (lAP.
722 1218 816 1284 LIV.

132 1372 293 1449 Osteasio
317 1371 416 1472 quod
431 1371 601 1448 Ecclesia
618 1399 691 1448 ιιοιι
704 1386 847 1448 tautum
857 1372 1063 1472 perfectam
1079 1373 1211 1449 tabeat
1227 1372 1286 1447 di-

205 1490 400 1583 lectionem,
428 1490 492 1566 secl
517 1491 692 1591 quoniam
717 1505 750 1567 et
775 1491 942 1592 Spiritus
967 1491 1044 1567 Dei
1067 1518 1179 1592 saper
1203 1517 1285 1566 eam

204 1607 405 1708 mmmm.

132 1777 366 1858 Quarnorrsn
390 1772 534 1839 Ecclesia
559 1773 644 1838 omni
669 1773 702 1838 in
725 1773 795 1840 loco
815 1775 856 1839 ob
881 1795 950 1839 eam
974 1795 1069 1860 quam
1092 1773 1188 1839 habet
1211 1794 1287 1860 erga

132 1878 235 1942 Deum
265 1876 472 1953 dilectionem,
502 1876 734 1942 multitudinem
764 1884 937 1964 martyrum
967 1877 1000 1940 in
1034 1875 1119 1942 omni
1147 1884 1287 1961 tempore

131 1980 311 2067 ⁸praemittit
324 1981 365 2044 ad
387 1980 536 2053 Patrem
559 1978 685 2066 reliquis
699 1987 807 2044 autem
826 1979 970 2044 omnibus
987 1979 1066 2043 ⁴non
1085 1987 1209 2044 tantum
1223 2000 1287 2044 non

131 2082 317 2147 habentibus
331 2082 413 2147 hanc
429 2103 496 2146 rem
510 2082 674 2147 ostendere
687 2082 770 2168 apud
789 2104 834 2159 se,
851 2081 906 2146 sed
923 2104 1023 2169 neque
1042 2082 1168 2168 quidem
1181 2103 1288 2146 neces·

131 2188 247 2252 sarium
268 2209 337 2252 esse
361 2186 536 2251 dicentibus
561 2184 624 2250 tale
650 2185 852 2270 martyrium
887 2190 975 2250 lesse
998 2186 1081 2250 enim
1107 2184 1288 2271 martyrium

130 2313 238 2356 verum
266 2288 454 2354 sententiam
482 2309 600 2365 eorum,
624 2287 686 2352 nisi
711 2286 739 2353 si
762 2309 842 2353 unus
868 2296 925 2353 aut
950 2287 1013 2352 duo
1034 2287 1209 2374 aliquando,
1234 2308 1290 2372 per

131 2415 223 2459 omne
237 2401 361 2477 tempus
375 2413 416 2456 ex
430 2414 491 2477 quo
506 2390 662 2455 Dominus
675 2390 818 2476 apparuit
836 2390 869 2453 in
888 2389 990 2469 terris,
1010 2413 1083 2455 cum
1101 2391 1288 2476 martyribus

131 2496 245 2561 uostris
260 2494 348 2582 quasi
363 2503 396 2559 et
416 2494 483 2580 ipse
503 2492 745 2559 misericordiam
765 2499 960 2570 consecutus,
983 2491 1181 2577 opprobrium
1195 2490 1288 2555 simul

132 2598 280 2686 bajulavit
294 2596 439 2674 nominis,
458 2603 576 2661 etcum
597 2595 643 2660 cis
662 2595 775 2659 ductus
794 2602 853 2671 est,
869 2593 952 2658 velut
971 2592 1125 2681 ⁶adjectio
1145 2592 1289 2680 quaedam

132 2701 247 2764 donata
261 2699 317 2764 eis.
353 2698 562 2785 Opprobrium
575 2697 658 2762 enim
672 2719 780 2762 eorum
795 2695 847 2782 qui
867 2696 1115 2782 persecutionem
1127 2694 1288 2780 patiuntur
1302 2714 1390 2754 ιιιιιι.
1400 2713 1429 2753 ro.

133 2811 259 2889 propter
281 2800 459 2889 ⁷justitiam,
485 2809 518 2865 et
541 2821 649 2865 omnes
673 2820 784 2887 poenas
812 2797 978 2877 sustinent,
1004 2805 1037 2863 et
1060 2797 1289 2862 mortificantur

134 3034 163 3072 11.
187 3022 204 3072 i.
228 3036 330 3082 12-14,
348 3021 409 3069 with
426 3037 441 3069 a
457 3020 559 3070 definite
569 3020 639 3083 som
655 3019 685 3083 of
734 3020 799 3068 θεόας
816 3019 901 3068 κανόνα
919 3021 1091 3081 διασαφοῦντες
1107 2999 1271 3083 raimone.

126 3103 198 3166 scith
212 3103 381 3167 traditione-ily
393 3103 597 3153 communicatad.
632 3105 682 3151 Πα·
783 3102 794 3135 ⁷
810 3105 917 3152 Arausa.
929 3103 1075 3167 plenissima
1085 3103 1234 3164 όσαοταόίοιιε,
1248 3119 1289 3153 σις-

129 3188 224 3247 ραθήκη
242 3188 292 3248 γὰρ
314 3188 472 3246 ἀποδιδομένη
494 3187 555 3247 Θεῷ,
581 3186 597 3245 ἡ
619 3187 683 3235 κατὰ
734 3198 778 3245 quc
795 3183 940 3233 ablationem
956 3183 1080 3248 recipiam,
1096 3185 1170 3246 lectio,
1185 3185 1238 3246 dte,
1255 3185 1288 3236 al.

131 3268 175 3323 τὴν
182 3267 225 3313 τοῦ
233 3266 322 3328 Κορέου
332 3267 495 3324 διδασκαλίαν,
506 3268 544 3314 διό
553 3268 600 3314 τῶν
607 3265 681 3315 Ἀπο-
733 3263 853 3323 tractatio,
867 3264 916 3313 and
927 3281 955 3313 aa
966 3265 1053 3315 above.

130 3348 226 3395 στόλων
237 3349 317 3408 αὑτοῦ,
331 3350 373 3406 τῆς
389 3349 514 3411 θεοσεβοῦς
529 3348 683 3409 παραδόσεως
786 3345 853 3395 1ιςαδ
869 3347 898 3397 τὸ
921 3349 1042 3410 έξαόρετον
1058 3351 1102 3408 τῆς
1125 3350 1224 3410 όγόπης
1244 3348 1289 3410 xcl-

131 3431 473 3489 σι’νεσόςτεκαόσννόσκησις.
509 3429 569 3478 And
577 3430 681 3489 further,
734 3445 817 3490 ρισμα.

130 3511 181 3559 this
199 3513 328 3573 παραθήεη
344 3528 403 3571 was,
423 3511 557 3575 according
574 3518 601 3560 to
618 3512 682 3560 Cha·
784 3508 1055 3574 'Aaruperemiaeaa
1068 3513 1189 3576 όπέρεχον.
1204 3513 1237 3562 al.
1249 3527 1288 3562 cu·

132 3604 213 3652 usar,
225 3609 241 3642 a
252 3593 383 3657 ςαόοςιιαιό
390 3594 429 3641 sor
436 3594 479 3642 tho
490 3593 558 3657 right
564 3593 683 3657 intorpre·
731 3591 928 3653 peremimus«.

130 3674 210 3721 tation
222 3674 251 3721 of
265 3674 400 3738 Scriptura,
414 3674 526 3738 showing
536 3675 593 3723 that
603 3675 630 3722 in
642 3675 684 3722 thc
785 3672 796 3704 ³
808 3673 944 3735 premittit,
960 3676 1106 3736 προπέμπει.

129 3754 227 3803 earliest
243 3771 302 3819 ages
319 3756 362 3804 the
379 3755 462 3804 creoda
479 3755 508 3803 of
522 3756 565 3804 tha
582 3755 683 3804 Church
784 3752 796 3784 ⁴
811 3770 861 3802 noa
878 3761 979 3815 tantam,
1000 3755 1104 3804 omitted
1120 3754 1180 3819 only
1198 3755 1224 3803 in
1245 3754 1289 3803 the

130 3836 217 3885 sarred
240 3853 268 3885 ac
297 3838 392 3886 critical
418 3843 489 3898 testa,
518 3842 545 3886 to
572 3842 685 3901 separate
736 3838 816 3887 Voss.
836 3838 905 3898 Ma,
924 3838 974 3886 and
990 3839 1123 3903 expunged
1138 3838 1171 3903 by
1183 3839 1286 3898 Garsi,

130 3924 185 3967 true
207 3919 271 3968 from
293 3920 444 3984 apocrypbal
467 3919 593 3983 Scriptura
604 3935 611 3979 ;
638 3920 685 3968 but
736 3924 763 3968 to
774 3920 818 3968 the
829 3919 913 3983 injury
924 3920 953 3967 ot⁴
961 3920 1003 3968 the
1014 3935 1092 3969 reuse.

130 3999 161 4048 hc
183 4001 297 4049 nowhere
324 4007 415 4049 asserta
440 4001 484 4049 the
509 4016 633 4060 converse,
657 4016 685 4048 aa
786 3999 870 4059 ‘Fon
885 3999 1072 4061 actheyaffirm,
1089 3998 1152 4048 their
1168 4006 1290 4050 ῑςαοόςανς

131 4080 245 4130 moderna
259 4088 334 4141 must,
349 4099 378 4130 or
391 4082 513 4130 maintain
526 4082 583 4131 that
596 4096 685 4130 canon-
736 4081 801 4131 their
816 4090 870 4130 trae
892 4081 1003 4139 ιοόιιιςςε,ο
1025 4082 1064 4130 sor
1085 4096 1131 4130 εςος
1151 4082 1224 4143 mim,
1246 4083 1290 4132 the

130 4161 177 4209 ical
195 4161 323 4226 Scriptura
345 4163 367 4210 is
386 4162 428 4211 tho
446 4162 506 4226 only
523 4162 631 4210 roucher
647 4161 686 4209 for
737 4164 789 4212 Aa.
803 4163 848 4211 has
859 4168 887 4210 σ’ς’
897 4177 986 4211 coram.

130 4243 173 4290 tha
190 4242 314 4291 doctrines
330 4244 360 4291 os
373 4244 416 4292 thc
434 4243 521 4292 Greed.
557 4243 608 4291 For
623 4241 686 4290 Cht-
786 4243 922 4307 ’δόρασι-ἑο,
946 4260 1072 4308 company.
1119 4246 1160 4306 So,
1187 4245 1291 4296 Cluvius

131 4336 203 4371 usur
214 4325 424 4389 proceedstoaay
436 4325 465 4373 of
476 4324 532 4373 that
543 4323 624 4371 which
634 4323 685 4371 had
738 4327 850 4375 maritata
867 4325 990 4388 principia
1007 4326 1117 4388 αιδρεεέιις.
1142 4327 1204 4377 Tac.
1221 4327 1287 4379 Ilia.

130 4406 192 4454 been
207 4406 377 4471 traditionally
388 4406 499 4455 received
510 4406 544 4469 by
557 4404 685 4465 behavers,
738 4406 762 4454 ii.
784 4404 823 4466 65.
858 4405 911 4454 Tha
928 4406 1011 4455 Greek
1028 4408 1149 4472 probably
1165 4425 1216 4458 was
1234 4410 1292 4459 dccl
1386 4448 1389 4455 .

130 4490 316 4550 μεγαλοφρόνως
328 4508 355 4537 τε
367 4491 522 4549 ἐκδεξάμενοι,
538 4489 578 4535 καὶ
595 4487 686 4547 ὑψηγό·
739 4489 894 4551 ποραπομπή
910 4506 946 4538 τις
963 4492 1123 4552 κεχαρισμένη
1134 4493 1221 4542 αὐτοῖς.

131 4578 176 4622 Ρως
192 4573 369 4634 παραδιδόντες,
388 4574 426 4620 καὶ
441 4573 504 4620 κατὰ
518 4572 559 4618 τόν
572 4570 615 4626 τῆς
627 4569 686 4627 dhry-
787 4569 798 4604 7
815 4569 925 4632 Cannu„
939 4573 1001 4632 Aa„
1015 4571 1106 4633 Voss„
1119 4572 1237 4636 jtaatc'lr'ut.
