3000 4994
435 374 594 429 onruuru
620 373 756 428 cuaau
782 371 922 426 nunna.
1187 356 1254 422 133

98 529 214 618 estqui
232 534 281 594 est
300 526 385 593 solus
403 529 510 592 ¹verus
525 526 613 592 Deus
622 527 648 608 ι)
670 546 741 591 eum
756 546 828 589 vero
843 524 895 612 qui
910 543 973 587 non
987 528 1047 600 est,
1062 521 1254 588 somniantes
1285 544 1397 631 gfff,

97 654 190 718 super
203 631 297 708 hunc,
317 638 354 694 ut
367 651 518 717 magnum
539 629 641 694 Deum
660 636 808 714 putentur
828 626 1033 704 adinvenisse,
1052 646 1144 710 quem
1162 646 1254 689 nemo
1270 637 1414 724 ffiggtfflt

98 735 196 820 possit
219 754 416 821 cognoscere,
439 733 575 797 humano
596 732 703 819 generi
730 731 1021 808 communicantem,
1048 750 1106 792 nec
1132 731 1416 819 terrena—[¹12

97 839 379 904 administrantem:
401 836 529 922 Epicuri
550 835 693 900 videlicet
711 834 903 900 invenientes
925 834 1040 909 Deum,
1061 854 1161 919 neque
1182 831 1253 912 sibi,

97 963 198 1027 neque
219 940 288 1005 aliis
309 939 425 1027 aliquid
446 946 658 1025 praestantem,
682 937 715 1002 id
736 944 795 1016 est,
819 936 933 1002 nullius
954 936 1180 1023 providentiam
1198 937 1254 1003 ha·

98 1046 234 1110 bentem.

520 1229 623 1295 OAP.
648 1229 833 1296 XXXIX.

116 1369 277 1445 Ostensio
295 1368 469 1469 qnoniam
480 1367 719 1469 procedentia
735 1368 814 1444 Dei
827 1381 978 1467 negata
993 1369 1053 1444 ln'c
1067 1369 1233 1446 manduc.

173 1517 446 1582 Pnovrnnnrrsn
479 1525 585 1583 autem
616 1516 712 1582 habet
741 1516 829 1582 Deus
856 1516 1005 1594 omnium,
1036 1525 1164 1603 propter
1192 1518 1252 1584 hoc

96 1625 131 1683 et
156 1618 319 1684 consilium
343 1619 417 1683 dat:
441 1619 604 1683 consilium
630 1625 737 1683 autem
762 1618 841 1683 dans
861 1618 951 1683 adest
973 1619 1032 1697 his,
1055 1620 1108 1706 qui
1132 1642 1253 1685 morum

97 1722 338 1807 ²providentiam
353 1721 480 1787 habent.
525 1721 661 1787 Necesse
681 1729 730 1786 est
748 1721 844 1807 igitur
863 1743 901 1786 ea
919 1743 990 1807 quae
1008 1722 1207 1808 providentur
1220 1732 1253 1789 et

96 1825 317 1910 gubemantur,
333 1845 520 1910 cognoscere
534 1845 624 1888 suum
640 1823 856 1889 ³directorem:
877 1846 947 1911 quae
963 1825 1086 1912 quidem
1101 1847 1164 1891 non
1179 1836 1254 1894 sunt

96 1925 310 2003 ⁴irrationalia,
325 1948 426 2012 neque
444 1948 533 2005 vana,
549 1928 604 1991 sed
623 1926 740 1991 habent
757 1926 993 1991 sensibilitatem
1013 1936 1190 2014 perceptam
1214 1929 1253 1994 de

98 2029 291 2114 providentia
305 2029 378 2096 Dei.
423 2030 468 2095 Et
491 2039 618 2117 propter
637 2029 697 2095 hoc
717 2029 912 2095 ethnicorum
928 2030 1063 2116 quidam,
1084 2031 1137 2118 qui
1151 2020 1254 2098 minus

97 2130 248 2196 illecebris
267 2154 305 2197 ac
327 2132 538 2218 voluptatibus
560 2132 742 2210 servierunt,
765 2141 798 2196 et
820 2153 882 2196 non
905 2131 938 2194 in
959 2140 1082 2196 tanturn
1104 2133 1253 2219 supersti-

97 2234 182 2299 tione
193 2234 344 2299 idolorum
356 2235 538 2301 ⁶eoabducti
550 2244 634 2315 sunt,
647 2234 840 2321 providentia
851 2236 919 2321 ejus
930 2235 1007 2299 moti
1022 2234 1095 2300 licet
1106 2236 1252 2316 tenuiter,

97 2343 203 2401 tamen
222 2338 361 2402 conversi
379 2347 463 2417 suut,
484 2346 520 2403 ut
537 2339 676 2403 dicerent
695 2338 912 2403 fabricatorem
932 2336 1025 2423 hujus
1044 2337 1254 2404 universitatis

98 2441 228 2505 Patrem
256 2442 395 2507 omnium
424 2441 647 2527 providentem,
680 2449 714 2507 et
746 2441 962 2527 disponentem
994 2441 1164 2507 secundum
1195 2465 1254 2508 nos

96 2543 257 2610 muudum.

572 2706 674 2773 OAP.
697 2706 775 2772 XL.

100 2850 284 2941 Quoniam
294 2878 408 2952 neque
411 2851 563 2951 justitia
574 2852 651 2927 sine
665 2852 822 2927 bonitate
833 2865 997 2928 constare
1007 2864 1129 2952 potest,
1140 2878 1254 2953 nequa

165 2969 304 3044 bonitas
315 2969 393 3044 sine
401 2969 560 3067 justitia.
607 2969 792 3060 Quoniam
802 2969 951 3070 capiens
959 2968 1249 3045 idemetJndaa.

166 3085 327 3160 Ostenn'o
344 3084 443 3184 qnod
467 3085 623 3160 Verbum
640 3086 718 3161 Dei
735 3099 767 3161 et
774 3087 926 3184 jactans,
945 3100 977 3161 et
996 3086 1128 3161 bonam
1144 3086 1200 3162 ait.
1311 3113 1314 3120 ·

98 3244 129 3307 1.
173 3241 310 3307 Runsos
329 3250 365 3307 ut
386 3242 626 3328 ⁰increpativum
648 3243 804 3308 auferrent
825 3263 845 3307 a
867 3243 964 3307 Patre
982 3250 1014 3308 et
1029 3242 1187 3331 judiciale,
1206 3244 1253 3309 in-

96 3344 225 3432 dignum
247 3346 279 3410 id
294 3346 363 3411 Deo
385 3355 542 3432 putantes,
558 3355 591 3412 et
608 3346 675 3411 sine
697 3345 857 3410 iracundia
877 3353 911 3411 et
930 3347 1046 3410 bonum
1064 3347 1254 3415 arbitrantes

95 3469 130 3513 se
145 3448 338 3514 adinvenisse
354 3450 469 3528 Deum,
484 3450 617 3514 alterum
632 3449 757 3536 quidem
768 3448 918 3534 judicare,
933 3458 966 3514 et
980 3449 1112 3514 alterum
1127 3450 1252 3536 quidem

67 3627 71 3633 ,
95 3550 212 3615 salvare
228 3551 382 3629 dixerunt,
395 3551 586 3617 ⁷nescientes
598 3543 799 3637 utrorumque
813 3550 989 3615 auferentes
1002 3573 1127 3616 sensum
1142 3561 1175 3617 et
1186 3555 1252 3639 jus·

94 3653 208 3717 titiam.
240 3653 274 3718 si
289 3654 372 3717 enim
383 3653 540 3740 judicialis
554 3677 617 3719 non
631 3662 664 3719 et
678 3656 778 3719 bonus
793 3653 845 3731 sit,
860 3654 900 3719 ad
916 3653 1111 3719 ⁸donandum
1127 3656 1253 3740 quidem

95 3757 145 3821 his
162 3758 273 3844 quibus
291 3759 395 3837 debet,
415 3765 448 3825 et
467 3759 508 3823 ad
526 3759 775 3844 exprobrandum
796 3758 846 3822 his
866 3759 978 3844 quibus
999 3767 1130 3844 oportet,
1153 3780 1253 3846 neque

91 3862 197 3948 justus
219 3865 339 3948 tneque
368 3861 493 3946 sapiens
521 3860 674 3926 videbitur
694 3861 812 3948 judex;
838 3864 977 3925 l⁰rursus
1005 3862 1114 3938 bonus,
1141 3862 1169 3926 si
1192 3862 1253 3930 hoc
1368 3878 1371 3883 '

144 4034 154 4067 ²
171 4036 224 4084 'l'lre
248 4037 347 4086 Cannu.
374 4037 431 4086 Ms.
460 4038 576 4087 confirma
599 4040 650 4088 this
749 4041 760 4073 ⁷
776 4040 961 4102 flammeum,
973 4043 1050 4102 aper
1061 4043 1179 4106 ἑκατέρων
1188 4060 1252 4107 περι·

94 4119 206 4181 reading,
219 4119 250 4168 cf.
263 4120 281 4167 J
283 4119 322 4168 oh.
336 4120 394 4169 xvii.
409 4134 431 4181 3.
458 4119 489 4169 al.
502 4136 561 4170 vere.
701 4125 820 4185 αιροΰντες
831 4125 884 4171 νοῦν
896 4125 935 4171 nal
947 4124 1095 4183 δικαιότητα.

143 4199 155 4230 ¹
166 4202 339 4260 τοῖςτῶνὴθῶν
347 4200 648 4264 προνοουμένοις.ιοό,η.6.
748 4202 760 4235 ⁸
783 4203 837 4263 Ga,
848 4203 938 4263 Voss,
952 4203 1018 4253 Fau,
1031 4220 1118 4266 marp„
1129 4204 1177 4253 but
1187 4205 1250 4267 Aa„

144 4280 155 4311 ³
173 4281 228 4341 Cn,
241 4281 332 4341 Voss,
349 4283 413 4332 Fun.
427 4298 513 4346 mar-9,
526 4284 573 4334 bnt
585 4284 648 4346 Aa,
700 4283 902 4333 Muna1aaddo
913 4283 1029 4335 nondum
1044 4285 1075 4333 al.
1085 4284 1120 4333 ad
1131 4285 1251 4338 dandam.

96 4363 452 4421 Manc.11.,Enn.reetoren.
749 4369 826 4418 ’The
835 4369 879 4418 Cn.
892 4370 937 4418 has
948 4385 1058 4432 nquam,
1069 4371 1180 4436 possibly
1188 4373 1253 4423 from

144 4442 281 4505 Ἔπη,
298 4446 346 4494 but
364 4447 414 4495 Aa.
434 4445 625 4496 irrationabilia.
699 4449 887 4514 ncquepnidcm,
903 4452 957 4500 οὐδὲ
967 4453 1021 4511 μήν.

144 4524 155 4554 ⁶
172 4525 282 4586 Casan„
296 4527 388 4589 Voss„
401 4529 449 4578 but
460 4529 510 4578 AB.
523 4529 630 4580 abducti.
748 4532 770 4564 ¹⁰
788 4534 862 4582 πάλιν
878 4535 976 4597 ἀγαθὸς,
990 4540 1011 4584 ct
1022 4537 1094 4585 τοῦτο
1107 4536 1178 4596 μόνον
1193 4536 1222 4586 ἅν
1237 4539 1255 4601 ἣ

144 4606 156 4638 ⁶
172 4609 201 4657 τὸ
218 4610 393 4670 ἐπιτιμητικόν.
401 4612 468 4661 ..nal
479 4613 508 4661 τὸ
520 4612 630 4674 κριτικόν.
701 4613 799 4675 ἀγαθός.
