3000 4994
224 318 291 383 332
505 333 764 389 mrossmuua
790 333 895 386 aruo
921 333 1095 387 uomuus

92 507 187 592 HJJ·
225 488 329 562 πόλιν
360 490 549 587 ε’ξεπτόσθη
580 498 623 588 τῇ
655 501 699 588 γῇ
723 495 868 566 κελεύσει
905 495 1001 565 Θεοῦ.
1055 493 1213 570 Ἀνανίας
1244 527 1292 579 τε,
1327 494 1381 566 καὶ

78 598 195 687 ffisl'v'j
223 604 395 706 Ἀζαρίας,
416 607 470 677 καὶ
497 606 650 690 Μισαῆλ,
675 610 719 683 εἰς
742 604 877 689 κάμινον
903 608 1125 695 ἐμβληθέντες
1150 605 1253 705 πυρόε
1276 609 1383 679 ἕπτα-

119 695 165 732 m,
328 720 336 745 ι
401 721 434 754 1’
562 721 570 747 ι
677 721 694 747 ιν
762 721 770 743 ⁹
835 717 843 743 ν
930 718 937 743 ν
1078 723 1095 747 u
1169 722 1177 744 i
1233 720 1241 745 ι
1352 719 1361 742 a

61 726 375 795 —gwiiaotwe
418 751 631 803 ΕΚΚαΙΟμΕνης,
657 750 733 791 01176
755 722 956 807 Εβλαβησαν
981 752 1026 803 Τί,
1058 751 1134 790 ΟυΤΕ
1159 751 1247 803 Οσμη
1277 751 1381 818 πυροί·

224 831 335 928 εὑρέθη
363 833 395 901 ἕν
413 832 532 908 αῦτοῑς.
586 832 633 901 Ἡ
658 829 711 901 οῦν
734 837 957 930 συμπαροῦσα
978 833 1088 908 αὐτοῖς
1105 837 1168 903 τοῦ
1187 832 1276 902 Θεοῦ
1303 833 1380 930 χεὶρ

222 944 276 1013 καὶ
297 942 474 1042 παράδοξα
501 944 555 1014 καὶ
576 943 720 1015 ἀδύνατα
740 947 784 1038 τῇ
803 946 901 1043 φύσει
922 950 987 1016 τῶν
1007 944 1186 1042 ἀνθρώπων
1204 947 1246 1021 εἰς
1262 944 1379 1022 adroic

223 1057 461 1140 ἐπιτελέσασα,
487 1057 525 1127 τί
551 1055 753 1140 θαυμαστὸν,
781 1059 809 1126 εἰ
834 1058 867 1126 ἕν
898 1068 970 1134 τοῖς
994 1061 1226 1139 μετατεθεῖσιν
1263 1058 1380 1156 ἆπεῖρ·

223 1196 352 1260 γαστοι
381 1165 583 1267 παράδοξον,
611 1173 827 1268 ὑπουργοῦσα
848 1172 899 1258 τῷ
924 1173 1086 1252 θελήματι
1115 1174 1178 1242 τοῦ
1207 1170 1295 1240 Θεοῦ
1321 1170 1375 1240 καὶ
1391 1191 1472 1232 Μ-ννν.

222 1283 374 1380 πατρός;

299 1415 330 1480 3.
384 1395 546 1466 ...Οὔτε
570 1391 623 1465 οῦν
653 1394 753 1494 φύσις
777 1394 867 1470 τινός
895 1400 961 1465 τῶυ
988 1396 1189 1487 γεγονότων,
1216 1398 1293 1467 οὔτε
1314 1395 1377 1478 μὴν

222 1507 374 1576 ἀσθένεια
402 1506 524 1605 σαρκός
546 1508 736 1606 ὑπερισχύει
762 1515 820 1589 τῆς
845 1509 969 1594 βουλῆς
990 1513 1055 1578 τοῦ
1079 1508 1175 1578 Θεοῦ.
1228 1508 1280 1576 Ol
1306 1506 1375 1606 γὰρ

221 1621 239 1689 ὁ
266 1618 349 1696 Θεὸς
377 1630 449 1696 τοῖς
476 1621 664 1711 γεγονόσιν,
692 1617 782 1689 ἀλλὰ
806 1616 850 1691 τὰ
873 1621 1044 1711 γεγονότα
1070 1621 1297 1692 ὑποτέτακται
1325 1629 1375 1709 τῷ

221 1731 303 1821 Θεῷ,
322 1730 438 1803 καὶτὰ
459 1730 571 1804 πάντα
590 1729 782 1830 ἐξυπηρετεῑ
799 1733 849 1821 τῷ
868 1733 1058 1820 βουλήματι
1078 1733 1189 1804 αῦτοῦ.

54 1946 109 2043 33¹¹·
119 1948 147 1987 ἢν
159 1949 181 1988 ¹⁹
219 1936 321 2001 salvus
347 1937 460 2001 iterum
488 1946 640 2022 exsputus
669 1945 719 2001 est
747 1944 838 2002 terrae
864 1937 956 2023 jussu
986 1936 1058 2003 Dei.
1094 1937 1239 2002 Ananias
1265 1939 1372 2016 etiam,

218 2047 251 2103 et
280 2039 422 2117 Azanias,
449 2049 481 2103 et
509 2039 623 2104 Misael
654 2040 740 2104 missi
770 2040 803 2103 in
832 2040 988 2104 caminum
1013 2040 1095 2127 ignis
1118 2040 1295 2125 septuplum
1319 2065 1373 2107 ex-

217 2142 389 2221 tendentem,
413 2166 516 2228 neque
538 2144 634 2209 nociti
656 2152 730 2208 suut
751 2144 877 2232 aliquid,
900 2165 1000 2228 neque
1022 2145 1097 2209 odor
1118 2143 1200 2230 ignis
1225 2145 1372 2208 inventus

216 2252 266 2309 est
289 2245 399 2312 ineis.
448 2248 526 2329 Quae
557 2247 651 2334 igitur
679 2247 781 2312 adluit
810 2247 869 2312 illis
898 2269 1010 2310 manus
1036 2246 1107 2324 Dei,
1138 2257 1170 2310 et
1200 2247 1371 2333 inopinata,

216 2354 249 2411 et
272 2347 476 2433 impossibilia
496 2357 616 2414 naturae
639 2349 816 2413 ²hominum
836 2349 867 2412 in
889 2349 933 2414 eis
955 2348 1135 2433 perficiens3
1160 2349 1234 2434 quid
1257 2349 1370 2412 mirum

146 2436 150 2441 ⁶
215 2449 243 2514 si
265 2451 296 2513 in
313 2451 364 2516 his
384 2452 435 2537 qui
453 2452 595 2516 translati
617 2460 701 2528 sunt,
723 2451 823 2516 effecit
839 2451 955 2536 aliquid
971 2450 1175 2535 inopinatum,
1192 2450 1370 2515 deserviens

215 2553 366 2618 voluntati
393 2554 537 2618 ³l’atrisl
582 2553 646 2619 Ilio
672 2561 721 2618 est
750 2560 856 2617 autem
883 2551 984 2615 Filius
1010 2551 1081 2629 Dei,
1109 2552 1369 2637 quemadmodum

216 2655 377 2742 Scriptura
399 2657 444 2721 ait
466 2657 583 2722 dixisse
605 2655 893 2721 Nabuchodouozor
912 2676 1036 2739 regem:
1061 2653 1173 2717 Nonne
1197 2663 1258 2718 tres
1287 2654 1370 2718 viror

214 2761 354 2825 ιιιὶεἱιυυε
368 2763 403 2825 io
423 2760 601 2824 caminum?
624 2770 651 2824 et
674 2783 736 2825 ecce
758 2782 809 2845 ιρο
829 2759 917 2822 uideo
938 2767 1071 2844 quatuor
1089 2756 1313 2822 deambulantes
1333 2759 1369 2823 ιἰι

212 2863 311 2927 medio
325 2863 414 2948 iouis,
430 2873 456 2926 et
472 2873 599 2948 quartus
613 2863 724 2927 similis
738 2865 795 2925 ⁴est
808 2861 897 2926 Filio
911 2861 985 2925 Dei.

277 2969 308 3030 3.
354 2964 464 3049 Neque
494 2965 591 3052 igitur
619 2973 731 3029 natura
759 2963 892 3050 alicujus
920 2986 1027 3029 eorum
1056 2985 1125 3048 quae
1161 2964 1246 3028 facta
1274 2972 1360 3042 sunt,

211 3094 311 3158 neque
326 3072 490 3136 infirmitas
507 3073 609 3137 caruis
631 3072 740 3136 sortior
761 3071 821 3136 erit
840 3093 933 3156 super
953 3071 1143 3135 voluntatem
1166 3070 1237 3136 Dei.
1285 3071 1358 3134 Non

210 3174 295 3239 euim
310 3173 399 3239 Deus
425 3174 474 3238 his
496 3197 566 3260 quae
586 3174 670 3239 faeta
690 3182 774 3253 sunt,
792 3175 847 3238 sed
872 3197 910 3238 ea
931 3196 1000 3258 quae
1023 3172 1107 3237 facta
1129 3183 1202 3238 sunt
1223 3175 1366 3261 subjecta

210 3287 285 3343 sunt
315 3277 403 3342 Deo:
438 3284 471 3342 et
500 3277 606 3342 omnia
634 3278 773 3342 serviunt
800 3276 950 3341 voluntati
980 3277 1058 3361 ejus.
1104 3276 1299 3362 Quapropter
1328 3285 1361 3340 et

46 3388 100 3480 ξρε-
112 3391 174 3431 ussi·
211 3381 368 3445 Dominus
382 3380 445 3444 ait:
473 3380 547 3459 Qum
561 3379 760 3466 impossibilia
775 3389 847 3444 sunt
859 3378 948 3465 apud
963 3378 1104 3455 tom-inca,
1119 3378 1277 3463 possibilia
1295 3390 1366 3443 utut

209 3485 297 3571 apud
309 3484 420 3548 Deum.
466 3483 737 3565 Quemadmodum
752 3483 849 3569 igitur
863 3481 912 3545 his
923 3480 975 3567 qui
990 3501 1073 3544 nunc
1083 3488 1156 3544 sunt
1171 3480 1361 3559 hominibus,

208 3587 425 3675 ignorantibus
442 3586 678 3672 dispositionem
694 3587 766 3664 Dei,
783 3584 961 3649 incredibile
976 3590 1009 3647 et
1024 3582 1213 3669 impossibile
1228 3582 1361 3660 videtur,

207 3698 314 3755 tantos
338 3712 437 3754 annos
460 3689 597 3773 aliquem
619 3688 778 3753 homiuem
800 3708 891 3772 posse
911 3685 1024 3762 vivere,
1043 3693 1076 3748 et
1097 3685 1241 3748 vixerunt
1258 3685 1290 3747 hi
1306 3686 1360 3770 qui

206 3802 280 3858 ante
306 3815 364 3857 nos
393 3794 529 3870 fuerunt,
559 3801 592 3856 et
618 3792 725 3856 vivunt
754 3790 808 3875 qui
837 3788 980 3852 translati
1010 3795 1084 3852 suut
1113 3789 1153 3852 ad
1184 3790 1362 3874 exemplum

206 3897 319 3959 suturae
333 3894 537 3980 longitudinis
552 3894 691 3968 dierum;
715 3903 748 3958 et
763 3894 801 3958 de
814 3900 920 3957 ventre
935 3892 1007 3970 ceti,
1029 3901 1062 3957 et
1082 3893 1120 3957 de
1142 3893 1265 3957 camino
1281 3893 1362 3979 ignis

205 3996 307 4062 salvos
337 3997 450 4075 exisse,
484 4005 516 4060 et
545 4005 652 4061 tamen
678 3996 829 4074 exierunt,
859 3995 964 4060 educti
995 3995 1079 4060 velut
1108 4017 1202 4060 manu
1229 3995 1290 4060 Dei
1320 3998 1361 4061 ad

204 4099 415 4165 ostensionem
434 4099 560 4166 virtutis
583 4100 669 4186 ejus:
694 4099 740 4165 sic
763 4107 796 4165 et
823 4120 915 4178 nunc,
946 4098 1089 4184 quamvis
1118 4098 1245 4184 quidam
1271 4098 1361 4186 igno·

252 4292 262 4324 ¹
275 4294 447 4354 Ἐκκαιομένην
458 4295 546 4344 melius
564 4294 625 4358 legit
636 4300 688 4344 vet.
701 4294 754 4346 Int.
806 4296 834 4344 in
844 4301 894 4345 vet.
908 4295 961 4345 Int.
974 4295 1042 4344 haud
1052 4300 1205 4359 comparent.
1239 4296 1343 4348 Garun.

203 4374 325 4424 Oaeterum
335 4377 401 4425 iuter
408 4378 472 4425 hauc
482 4393 566 4425 vocem
575 4383 601 4426 et
609 4378 757 4441 particulam
855 4374 867 4407 ¹
882 4378 944 4438 Au„
957 4377 1004 4425 but
1013 4376 1230 4437 01..,Voss,‚Vur.
1244 4376 1358 4430 leoninis.

204 4458 259 4503 οὔτε
270 4457 296 4503 in
307 4457 382 4506 Dam.
396 4459 513 4508 citatione
524 4464 549 4507 et
561 4459 622 4508 cod.
636 4459 693 4508 Bar.
704 4459 757 4507 haec
854 4456 866 4489 ⁸
882 4458 942 4506 Add
952 4458 1016 4506 from
1027 4458 1071 4506 the
1081 4457 1163 4507 Greek
1175 4457 1223 4507 Dei
1234 4466 1261 4509 ct.

203 4541 263 4584 sunt
277 4538 385 4587 inserta:
404 4542 499 4597 ἔμειναν
509 4543 628 4602 ἂφθαρτοι
639 4541 686 4601 καὶ,
700 4555 756 4603 qum
854 4539 931 4588 ‘Ala
945 4540 1019 4592 omits
1029 4545 1071 4590 ert.
