3000 4994
218 389 285 454 294
469 401 540 453 nn
566 354 896 454 muncumnnuun
919 397 1099 451 nosnnnn

77 577 131 618 ΜΒ.
146 576 186 618 IV.

91 623 144 663 utu.
154 627 171 663 1.

82 669 178 710 οαιυ.
718 646 813 745 Κεφ.
843 643 909 741 ξγ’.

65 717 195 805 ιιίῦῦίὶν.

76 809 192 850 „uns
222 820 325 914 Quid
346 835 396 898 est
420 822 517 923 qood
538 849 564 896 α
584 823 707 898 Paulo
729 821 878 915 dicitur,
903 821 983 896 Loo
1007 818 1105 896 vobis
1120 831 1252 919 potum
1273 816 1372 909 decli,

681 967 753 1016 eoo
779 967 908 1016 estotim.

304 1140 334 1188 1.
387 1117 480 1189 ΚΑΙ
514 1117 566 1190 διδ
595 1124 703 1192 τοῦτο
741 1119 881 1197 Παῦλος
917 1118 1109 1217 Κορινθίοις
1142 1118 1239 1216 φησί·
1279 1118 1377 1208 γάλα

221 1234 302 1315 ῦμᾶς
338 1232 493 1316 ε’πότισα,
529 1233 566 1303 οῦ
598 1235 731 1331 βρῶμα·
780 1230 853 1302 οῦδὲ
883 1229 951 1331 γὰρ
984 1230 1143 1315 ῆδῦνασθε
1172 1228 1376 1332 βαστάζειν

222 1345 393 1428 τουτέστι,
424 1345 484 1428 τῆν
513 1342 573 1429 μὲν
603 1342 691 1415 κατδ
725 1341 899 1443 ἄνθρωπον
929 1345 1116 1443 παρουσίαν
1150 1349 1214 1414 τοῦ
1250 1342 1379 1442 Κυρίου

224 1458 477 1541 ε’μαθητεῦθητε,
497 1455 638 1540 οῦδῆπου
657 1455 693 1528 δὲ
709 1455 753 1529 τό
770 1463 834 1527 τοῦ
852 1456 996 1554 Πατρός
1015 1456 1154 1539 Πνεῦμα
1172 1457 1379 1527 ε’παυαπαῦε-
1390 1479 1470 1523 (Μιυ

223 1599 281 1641 ται
298 1570 453 1668 ἐφ’ῦμᾶς,
469 1567 522 1640 διδι
536 1570 597 1652 τῆν
609 1574 694 1652 ῦμῶυ
709 1570 890 1640 α’σθὲνειαυ·
912 1570 998 1640 ὅπου
1017 1567 1085 1667 γὰρ
1107 1567 1214 1668 ζῆλος,
1225 1569 1279 1638 καί
1300 1570 1376 1667 ἔρις,

226 1681 338 1780 φησίν,
358 1682 391 1752 ἐν
408 1683 489 1767 ῦμῖν,
508 1683 562 1752 καί
582 1680 809 1777 διχοστασίαι,
830 1681 903 1777 mixi
929 1682 1083 1781 σαρκικοί
1106 1682 1194 1765 ἐστι,
1212 1681 1266 1751 καί
1288 1679 1378 1752 κατὰ

225 1792 400 1891 ἄνθρωπον
410 1804 652 1891 περιπατεῖτε;
670 1793 870 1877 Τουτέστιν,
890 1795 943 1865 ὅτι
963 1792 1088 1865 οῦδὲπιο
1101 1795 1145 1863 τό
1161 1793 1297 1876 Πνεῦμα
1315 1799 1380 1866 τοῦ

226 1904 371 2003 Πατρός
390 1905 428 1987 ῆν
447 1906 506 1977 σῦν
525 1906 645 1990 αῦτοῖς,
658 1904 711 1976 διὰ
724 1905 767 1977 τό
781 1905 1036 2005 ἅκατόρτιστον
1048 1907 1153 1977 αῦτῶν
1170 1906 1223 1976 καί
1243 1904 1380 1982 ἀσθενὲς

224 2025 283 2099 τῆς
309 2017 491 2095 πολιτείας.
545 2018 599 2095 Ὡς
623 2015 677 2088 οῦν
703 2020 721 2089 ὁ
747 2019 949 2096 α’πόστολος
968 2017 1104 2094 δυνατός
1128 2018 1165 2103 ῆν
1190 2016 1313 2089 διδόναι
1333 2018 1379 2091 τό

225 2130 357 2229 βρῶμα,
375 2127 423 2206 οἷς
438 2128 506 2229 γὰρ
525 2127 565 2201 ἂν
582 2129 753 2201 ίπετίθουυ
773 2140 893 2229 χεῖρας,
914 2129 1107 2218 ε’λόμβανον
1118 2131 1257 2214 Πνεῦμα
1269 2127 1379 2222 ἅγιον,

226 2243 341 2314 ὅέστι
358 2243 481 2339 βρῶμα
508 2241 595 2344 ζωῆς,
621 2243 732 2314 ε’κεῖυοι
759 2240 794 2313 δὲ
814 2241 987 2326 ῆδυυιίτουν
1004 2245 1125 2331 λαβεῖν
1141 2243 1233 2339 uiri,
1259 2241 1312 2313 διὰ
1335 2244 1380 2316 τδ

227 2355 349 2438 ἀσθενῆ
376 2356 426 2425 ἔτι
457 2357 511 2427 καί
537 2354 738 2447 ἀγύμναστα
766 2357 854 2451 ἔχειν
882 2354 927 2429 τδ
951 2364 1009 2438 τῆς
1038 2356 1152 2452 ψυχῆς
1179 2358 1381 2454 αἰσθητήρια

226 2474 284 2550 τῆς
309 2469 393 2566 πρδς
421 2468 508 2539 Θεδν
535 2470 726 2560 γυμνασίας·
765 2465 868 2545 siros
891 2467 945 2538 καί
970 2469 1030 2551 τῆν
1055 2467 1162 2567 α’ρχῆν
1180 2470 1198 2538 ὁ
1216 2465 1275 2552 μὲν
1295 2467 1381 2546 Θεδς

227 2578 364 2658 δυνατός
387 2579 425 2666 ῆν
451 2579 572 2653 διδόναι
597 2581 645 2654 ’τό
667 2582 797 2654 τέλειον
819 2584 870 2672 τῷ
896 2580 1068 2680 ἅνθριόπῳ,
1101 2582 1217 2658 ἐκεῖνος
1244 2579 1279 2651 δὲ
1301 2579 1380 2679 ἅρτι

678 2828 778 2895 OAP.
803 2829 939 2895 LXIII.

294 2971 324 3035 1.
370 2967 420 3034 En
446 2978 572 3055 propter
589 2970 649 3035 hoe
672 2969 790 3035 Paulus
812 2970 981 3036 Corinthiis
1002 2970 1065 3034 eit:
1089 2970 1158 3034 Leo
1181 2968 1262 3035 nobis
1273 2981 1384 3056 potum

227 3071 301 3137 dedi
317 3092 377 3135 ooo
396 3092 511 3136 mom:
531 3073 665 3137 nondum
684 3074 765 3137 onim
779 3073 929 3159 poteratis
952 3095 1048 3136 oseam
1062 3074 1244 3159 percipero,·
1271 3074 1302 3137 id
1322 3081 1382 3151 est,

227 3194 299 3239 eum
314 3173 439 3257 quidem
458 3174 625 3238 adventum
641 3174 779 3252 Domini,
802 3176 910 3261 ¹quem
928 3175 1097 3239 seeundum
1119 3174 1287 3254 hominem,
1303 3175 1384 3239 didi-

228 3277 336 3353 oistis3
360 3278 498 3342 nondum
511 3285 618 3342 sutem
640 3277 746 3343 Putris
766 3278 902 3363 Spiritus
920 3278 1086 3362 requiescit
1104 3300 1198 3363 super
1211 3300 1275 3354 voe,
1291 3301 1384 3365 prop·

229 3388 278 3445 ter
291 3387 424 3445 vestram
442 3380 674 3457 infirmitatem
705 3381 768 3446 Ubi
787 3382 883 3446 2οιιίαι
902 3391 972 3445 suot
988 3380 1081 3458 zelus,
1097 3391 1126 3446 ot
1139 3382 1305 3460 discordia,
1327 3382 1382 3458 nit,

228 3483 263 3548 io
278 3481 367 3559 nobis,
386 3483 630 3562 dimensiones,
651 3505 747 3548 αοιιιιο
762 3483 899 3548 ieremias
914 3484 991 3558 estis,
1012 3492 1040 3547 et
1053 3483 1217 3547 secondom
1236 3484 1383 3548 homiuem

228 3584 417 3651 ambulatis?
462 3584 535 3651 Hoc
549 3596 608 3665 est,
624 3585 771 3672 quonium
789 3586 927 3650 nondum
946 3585 1081 3671 Spiritus
1102 3585 1208 3651 Putris
1223 3594 1291 3650 erut
1311 3609 1384 3651 cum

228 3687 314 3775 ipsis,
330 3695 457 3773 propter
468 3687 733 3774 imperfectionem
745 3710 852 3753 eorum
863 3697 896 3753 et
908 3687 1120 3752 infrunitatem
1131 3688 1384 3754 conversationis.

66 3813 204 3856 neonus.
230 3792 498 3874 Quemadmodum
512 3791 610 3879 igitur
618 3790 803 3875 ‘Apostolus
820 3798 943 3876 poterat
962 3790 1036 3854 dare
1050 3812 1174 3866 eseam3
1197 3792 1385 3877 quibuscun-

228 3916 289 3980 que
303 3894 387 3959 enirn
402 3895 603 3982 imponebant
617 3892 765 3979 Apostoli
779 3915 900 3972 manus,
919 3893 1113 3980 aecipiebant
1130 3894 1282 3979 Spiritum
1297 3916 1386 3959 sono·

228 4006 307 4076 tum,
326 3998 378 4083 qui
400 4007 449 4064 est
472 4020 545 4063 esca
565 3998 650 4075 vitu,
674 3997 717 4060 illi
740 4007 847 4063 autem
867 4019 929 4062 non
954 4005 1098 4084 poterant
1120 3998 1279 4084 percipere
1300 3998 1385 4075 illud,

229 4100 375 4186 quonium
396 4100 553 4164 infirmum
575 4100 677 4165 adhue
696 4108 729 4164 et
750 4100 1013 4164 inexercitsbilem
1037 4121 1164 4165 sensum
1185 4123 1261 4188 erga
1283 4101 1387 4167 Deum

229 4203 473 4269 conversationis
493 4203 670 4267 habebunt:
698 4203 744 4267 sic
771 4210 804 4267 et
825 4203 915 4268 initio
937 4203 1025 4268 Deus
1047 4204 1171 4289 quidem
1195 4213 1308 4290 potens
1329 4204 1389 4269 init

231 4304 305 4369 dure
319 4305 540 4390 perfectionem
554 4304 691 4380 homini3
711 4303 761 4369 ille
779 4312 885 4368 nutem
900 4327 983 4369 nune
1002 4326 1100 4390 nuper
1119 4305 1231 4383 taetus,
1250 4328 1313 4371 non
1333 4329 1389 4392 po-

282 4513 291 4545 ¹
309 4531 384 4578 αυεια.
409 4517 442 4565 So
454 4519 496 4566 the
508 4517 584 4566 MSS.
603 4518 662 4566 'I'his
675 4517 786 4581 ensllnge
835 4519 887 4576 τὴν,
902 4517 927 4565 in
940 4516 982 4565 the
989 4515 1079 4564 Greek.
1100 4516 1195 4564 Gunuu
1203 4531 1322 4579 proposes
1329 4518 1379 4579 qni.

229 4595 262 4643 of
273 4611 331 4645 ease
347 4612 394 4646 oon
408 4598 520 4663 seorosly
536 4599 609 4648 mark
626 4599 670 4648 the
688 4599 781 4659 article,
883 4595 895 4629 ¹
911 4597 955 4646 Gn
968 4596 1042 4645 omits
1052 4595 1123 4645 enim.
1152 4597 1205 4644 An.
1217 4597 1280 4646 udde
1291 4607 1355 4648 sunt.
