3000 4994
425 369 773 424 Exconuumcamo
800 371 1003 426 4444444444.
1222 359 1289 425 243

1323 548 1378 587 LIB.
1388 547 1430 588 111.

1339 595 1385 632 441411
1401 596 1411 632 1

586 619 688 685 (1ΑΡ.
711 618 847 686 XLIII.
1301 641 1345 680 ua
1356 624 1395 679 1v'.
1409 624 1454 680 inv.

1313 687 1394 771 1148181.
1402 731 1441 771 1v.

448 749 509 824 Dc
536 750 817 848 transgressione
832 751 975 850 popuii.
1333 778 1398 817 4444
1405 779 1424 817 a

203 901 234 963 1.
272 897 356 963 Smn
378 897 572 965 dubitatione
593 898 689 986 igitur
708 906 741 963 et
761 899 829 964 sine
845 900 1089 966 contradictione
1106 902 1289 967 ostendente
1302 921 1318 959 τ
1319 925 1377 961 cert
1378 921 1455 961 nne

137 999 302 1085 Apostolo,
323 1023 419 1065 unum
433 1012 466 1067 et
487 1003 618 1067 eundem
635 1024 705 1068 esse
726 1003 830 1066 Deum
850 1003 903 1089 qui
918 1011 950 1068 et
964 1003 1017 1067 illa
1027 1004 1189 1089 judicavit,
1205 1015 1238 1070 et
1252 1027 1291 1070 ea
1303 969 1354 1014 1

137 1123 206 1188 quae
221 1126 303 1168 nunc
318 1113 394 1169 sunt
416 1106 561 1192 exquirit,
577 1113 609 1170 et
624 1127 751 1170 causam
772 1105 1008 1191 ¹descripticnis
1031 1128 1138 1171 eorum
1163 1106 1290 1172 demon·

136 1214 265 1284 strante,
276 1206 393 1272 indocti
408 1217 441 1271 et
454 1208 590 1272 audaces
604 1208 706 1272 adhuc
717 1207 813 1272 etiam
826 1216 859 1272 et
869 1208 1101 1294 imprudentes
1092 1208 1291 1275 mreniuntur

36 1335 112 1375 4444
136 1330 254 1385 omues,
277 1311 330 1396 qui
351 1319 478 1396 propter
500 1311 777 1397 transgressionem
798 1333 905 1376 eorum
929 1312 982 1397 qui
1006 1311 1080 1376 olim
1102 1312 1236 1391 4444444441,
1258 1321 1291 1378 et

137 1421 261 1498 propter
283 1413 483 1499 plurimorum
510 1414 642 1478 ²indicto
664 1414 865 1490 audientiam,
883 1415 1015 1480 alterum
1042 1415 1167 1501 quidem
1189 1416 1292 1481 ³aiuut

137 1516 257 1579 illorum
273 1516 367 1580 tuisse
383 1516 498 1595 Deum,
521 1525 554 1581 et
573 1517 657 1581 hunc
671 1538 740 1583 csse
755 1517 863 1581 mundi
880 1517 1106 1595 fabricatorem,
1121 1527 1154 1583 et
1169 1541 1238 1583 csse
1259 1519 1292 1584 in

136 1617 357 1693 diminutione;
382 1618 513 1682 alterum
535 1640 607 1683 vero
629 1639 650 1682 a
673 1618 798 1683 Ohristo
819 1619 969 1684 traditum
990 1620 1130 1698 Patrem,
1153 1628 1185 1685 et
1208 1620 1291 1687 hunc

137 1741 206 1784 esse
227 1720 280 1804 qui
300 1720 342 1784 sit
361 1720 401 1785 ab
422 1742 606 1806 unoquoque
627 1742 734 1785 eorum
758 1730 864 1786 mente
885 1730 1070 1808 conceptus:
1098 1744 1160 1786 nou
1180 1722 1291 1787 intelli-

136 1831 256 1908 gentes,
273 1823 418 1908 qucniam
440 1823 697 1908 quemadmodum
716 1824 759 1887 ibi
777 1822 809 1886 in
825 1823 965 1910 plurimis
984 1847 1091 1888 eorum
1111 1824 1163 1911 qui
1182 1847 1291 1910 pecca-

136 1933 247 1988 verunt
273 1947 335 1989 non
363 1927 442 1990 bene
471 1927 569 1991 sensit
592 1926 699 2001 Deus;
729 1926 775 1991 sic
798 1934 831 1991 et
854 1926 906 1990 hic
929 1928 1046 1992 ⁴uocati
1068 1928 1168 2006 44444,
1189 1927 1290 2013 ponci
1302 1949 1439 1989 4444444

136 2033 222 2090 14444
237 2026 337 2091 4444444
362 2028 622 2143 quemadmodum
638 2027 680 2091 ibi
695 2026 802 2114 injusti
814 2035 847 2092 et
858 2028 1027 2093 idololatrae
1042 2036 1075 2093 et
1086 2028 1289 2094 fornicatores

135 2130 230 2195 vitam
245 2130 460 2214 perdiderunt3
482 2129 528 2194 sic
543 2137 575 2194 et
594 2129 659 2195 hic:
682 2138 714 2194 et
735 2129 872 2195 Domino
893 2130 1017 2217 quidem
1037 2129 1264 2215 praedicante,
1254 2152 1287 2194 m
1301 2151 1410 2191 ustam
1411 2151 1453 2191 .u.

135 2233 240 2351 ignem
261 2242 413 2298 ueternum
436 2232 519 2297 mitti
542 2233 630 2309 tales,
655 2240 688 2297 et
710 2234 865 2319 Apostclo
889 2233 1029 2299 dicente:
1053 2237 1109 2297 An
1129 2236 1306 2340 49444444,
1301 2255 1364 2342 4444.
1374 2254 1430 2302 vua,

135 2336 276 2422 quoniam
301 2335 408 2420 injusti
430 2357 554 2421 ropnnrn
578 2334 641 2398 Dci
667 2357 726 2399 non
744 2334 990 2400 ioeroditabnnt?
1035 2335 1141 2400 Notitc
1162 2303 1322 2402 44444441ο

135 2461 228 2526 nequo
240 2441 457 2523 fornicatores,
477 2459 571 2523 ncqno
586 2437 766 2515 4444444444,
787 2459 881 2524 nequo
897 2439 1042 2519 44444444,
1063 2462 1158 2525 neque
1178 2440 1288 2520 4444444,

135 2565 229 2630 nequo
249 2541 450 2607 4444444444
481 2539 690 2617 concubitores,
713 2561 807 2624 neque
820 2542 923 2624 furca,
954 2563 1047 2626 nequo
1069 2543 1173 2619 44444,
1196 2564 1290 2629 nequo

136 2648 251 2726 ebriosi,
272 2669 365 2734 noque
386 2645 539 2723 maledici,
558 2666 652 2731 nequo
671 2654 818 2731 raptores,
841 2666 968 2730 4494444
985 2645 1048 2709 Dei
1069 2644 1288 2729 ⁶possidcdunt.

138 2752 202 2816 ⁷Et
217 2751 364 2837 quoniam
378 2771 441 2814 non
456 2749 497 2812 ad
512 2769 576 2826 eos,
592 2747 645 2833 qui
660 2757 750 2813 extra
764 2756 848 2826 sunt,
858 2748 935 2814 ⁷hoc
950 2748 1037 2826 dicit,
1047 2749 1103 2812 sed
1117 2748 1158 2812 ad
1169 2769 1236 2827 nos,
1249 2770 1289 2815 ne

136 2853 334 2939 projiciamur
348 2860 437 2916 extra
458 2871 588 2937 regnum
608 2849 680 2928 Dei,
699 2850 760 2915 tale
774 2850 891 2937 aliquid
905 2859 1080 2936 operantes,
1101 2851 1225 2915 intulit:
1245 2850 1445 2926 Etiamsi,

136 2957 199 3021 44444
212 2955 470 3042 4444444444444
493 2952 546 3017 444
563 2952 660 3017 atton·
678 2955 754 3031 44444,
769 2955 825 3018 444
841 2956 1022 3036 sanctificati
1043 2957 1110 3020 44444
1124 2957 1158 3020 44
1172 2957 1290 3021 nomino

137 3058 264 3123 Domini
278 3058 352 3122 Josn
370 3057 492 3135 Christi,
508 3065 536 3121 ct
551 3057 585 3120 in
600 3057 725 3142 Spiritu
739 3057 802 3122 Dei
816 3059 924 3124 nostri.

202 3165 233 3226 2.
275 3161 320 3225 Et
335 3158 595 3245 quemadmodum
609 3158 671 3225 illic
692 3159 980 3225 condemnabantur
998 3168 1031 3225 ct
1050 3162 1291 3247 projiciebantur
1319 3174 1323 3180 ’

136 3264 169 3329 hi
190 3265 244 3353 qui
263 3265 343 3329 male
363 3263 579 3349 operabantur,
603 3270 636 3328 et
650 3263 784 3349 reliquos
807 3264 1074 3340 exterminabaut3
1096 3264 1239 3330 similiter
1257 3273 1290 3330 et

137 3369 188 3433 hic
206 3368 313 3433 oculus
335 3389 457 3452 quoque
472 3365 615 3430 effoditur
629 3367 851 3444 scandalisans,
867 3373 900 3431 et
914 3389 969 3453 pes
983 3375 1016 3432 et
1030 3390 1151 3447 manus,
1167 3390 1207 3433 ne
1221 3367 1290 3433 reli·
1304 3405 1364 3444 m,
1373 3404 1432 3445 „112

137 3494 234 3556 quum
254 3493 366 3556 corpus
388 3471 504 3556 pariter
529 3476 646 3555 pereat.
687 3469 732 3532 Et
757 3469 907 3535 habemus
930 3480 1134 3556 praeceptum:
1162 3471 1201 3534 Si
1223 3453 1436 3556 qnisi’g,„,‚„

129 3577 239 3659 frotcr
253 3576 428 3638 4444444444
438 3574 625 3658 fornicator,
647 3581 702 3636 ont
719 3594 845 3649 444444,
860 3581 917 3637 ant
936 3573 1110 3649 4444444444,
1128 3583 1184 3637 444
1197 3573 1290 3637 44444-

137 3681 233 3756 44444,
256 3689 311 3744 444
333 3678 470 3756 ebriosus,
490 3688 545 3742 4444
564 3700 677 3764 capon,
695 3699 763 3742 cum
783 3677 956 3761 injosrrodi
974 3700 1027 3742 noc
1046 3676 1144 3740 444444
1163 3697 1290 3742 somaro.

138 3782 184 3847 Et
209 3783 322 3857 iterum
344 3782 390 3846 ait
412 3780 603 3866 Apostolus:
637 3780 736 3844 Ncmo
760 3802 809 3845 444
837 3782 960 3844 seducat
988 3780 1131 3844 44444444
1156 3777 1287 3852 nertin
1303 3810 1457 3861 44444444.

131 3896 260 3972 propter
284 3886 347 3950 4444
367 3887 446 3949 cuim
467 3885 548 3949 44444
568 3884 621 3948 iro
642 3882 705 3947 Dei
723 3884 758 3947 in
770 3884 855 3964 filios
873 3882 1060 3965 dffdornioe.
1096 3882 1202 3946 Notior
1222 3904 1292 3967 4494

128 3989 206 4071 ficri
213 3988 384 4074 porticipres
398 4009 511 4052 444444.
539 3985 584 4051 Et
595 3984 854 4073 quemadmodum
869 3984 910 4048 ibi
926 3983 1122 4070 peccantium
1133 3983 1293 4048 damnatio

187 4167 197 4200 ¹
215 4169 255 4217 of.
265 4185 333 4232 supr.
349 4167 416 4216 44444
426 4165 560 4230 4444444444
569 4179 622 4226 crac,
642 4179 692 4212 non
791 4162 803 4194 ⁵
814 4165 865 4212 Au.
878 4170 957 4211 antem
966 4161 1031 4211 444444
1036 4182 1044 4211 .·
1055 4169 1075 4210 et
1084 4162 1294 4225 ostentodmodum.

136 4258 237 4314 propter
248 4250 309 4309 iilos,
323 4250 368 4300 444.
792 4243 803 4276 ⁶
820 4245 874 4306 Cu,
887 4245 978 4305 Voss,
997 4244 1072 4305 ΕΝ,
1091 4245 1137 4294 but
1153 4246 1204 4295 AB.
1222 4245 1296 4296 doerc·

188 4330 199 4362 ¹
216 4332 262 4380 Sec
273 4346 297 4395 p.
315 4345 368 4395 149,
382 4347 407 4379 n.
421 4348 444 4392 4.
743 4326 863 4375 ditabunt.

187 4411 198 4442 ³
216 4411 271 4469 Cn,
284 4411 374 4470 Voss,
389 4411 477 4460 btnao.
492 4421 522 4458 11.
535 4408 599 4455 omit
610 4405 690 4458 4444444.
791 4407 802 4441 ⁷
818 4410 870 4457 Aa.
882 4407 930 4466 444,
945 4408 994 4456 and
1005 4408 1079 4458 omits
1090 4407 1133 4458 444
1143 4409 1172 4459 of
1180 4409 1261 4459 Voss.

189 4495 200 4526 ⁴
211 4503 266 4543 44444
278 4495 298 4543 is
310 4493 440 4553 4444411441,
453 4510 480 4542 as
491 4491 595 4553 missing
601 4489 627 4538 in
637 4489 690 4552 Cn,
792 4488 803 4522 ⁸
819 4490 870 4539 Aa.
882 4490 1035 4540 4444444444.
1067 4490 1153 4542 arna.
1166 4491 1227 4541 adds
1239 4492 1293 4553 Cra,

140 4577 202 4638 Aa,
212 4576 302 4638 Voss,
315 4576 404 4627 Mauo.
416 4588 437 4627 1.
743 4572 851 4623 butthis
863 4572 921 4624 MS.
934 4573 1071 4624 1444444444.
