3000 4994
516 340 698 394 nocensne
724 339 852 393 namn
1182 325 1248 393 235

96 497 376 595 προφιτέυμὲνων
407 499 523 584 ἐλθεῖν,
552 497 624 584 ἥτις*
652 500 746 573 ἐστίν
778 504 796 584 ἦ
825 502 993 600 παρουσία
1024 507 1089 574 τοῦ
1122 502 1249 602 Κυρίου
1283 516 1387 602 fflxlpgv·

96 660 225 680 ''''''
248 614 343 681 πᾶσα
377 608 445 711 γὰρ
479 614 673 712 προφητεία
709 612 777 713 πρὸ
814 623 873 696 Τῆι
909 611 1074 701 ἕκβάσεως
1111 612 1248 707 αἴνιγμά
1288 609 1382 693 οῇηἷ,Ῡ’

95 721 169 792 ἐστι
210 723 264 794 καί
310 724 489 816 ἀντιλογία
538 735 608 802 τοῖς
654 726 847 825 ἀνθρώποις·
898 722 982 799 ὅταν
1030 725 1064 796 δὲ
1106 727 1187 821 ἔλθη
1228 701 1399 799 ‹iudidii'

41 852 73 889 *³-
94 832 215 932 καιρὸς,
244 835 297 906 καί
330 836 447 930 ἀποβῇ
468 835 511 909 τά
538 835 778 937 προφητευθέν,
804 840 889 910 τότε
914 847 972 920 τῆς
998 836 1247 937 ἀκριβεστάτης

96 946 255 1044 ἐπέτυχεν
285 946 477 1042 ἐξηγήσεως.
528 949 599 1020 Καί
628 947 680 1020 lad
704 955 809 1022 τοῦτο
832 949 895 1021 tol
916 949 1078 1022 Ἰουδαίων
1094 950 1153 1035 μίν
1170 952 1248 1023 ἀνα-

96 1062 333 1149 γινωσκόμενος
352 1063 370 1131 ὁ
390 1062 487 1143 νόμος
514 1063 547 1132 ἕν
574 1068 627 1152 τῷ
652 1066 703 1133 νῦν
729 1064 840 1161 καιρῷ,
866 1063 956 1153 μύθῳ
982 1065 1092 1134 ἔοικεν·
1122 1065 1159 1136 ori
1177 1061 1245 1163 γάρ

95 1169 209 1266 ἔχουσι
237 1174 297 1257 τὴν
327 1170 483 1266 ἐξήγησιν
509 1179 575 1246 τῶν
602 1172 742 1259 πάντων,
771 1170 841 1258 ἥτις
865 1176 959 1248 ἐστίν
977 1180 996 1258 ἡ
1015 1177 1087 1248 κατ’
1110 1175 1246 1275 οὗρανάν

97 1285 139 1394 [l.
156 1286 228 1358 κατ’
261 1280 454 1389 ἄνθρωπον]
488 1288 655 1385 παρουσία
686 1293 750 1359 τοῦ
781 1290 849 1359 υἱοῦ
878 1293 941 1360 τοῦ
974 1288 1070 1359 Θεοῦ·
1117 1287 1181 1360 ὑπὸ
1211 1287 1246 1360 ἀὲ

96 1401 312 1500 Χριστιανῶν
330 1398 641 1490 ἀναγινωσκόμενος,
663 1401 825 1499 θησαυρός·
847 1400 931 1484 ε’στι,
950 1401 1163 1499 κεκρυμμένος
1185 1398 1246 1485 μὲν

96 1515 128 1583 ἐν
148 1514 252 1611 ἀγρῷ,
272 1512 382 1588 αὐτοῖς
402 1506 443 1617 [l.
462 1505 617 1616 σταυρῷ]
639 1510 674 1583 ἀὲ
693 1512 1011 1597 ἀποκεκαλυμμένος.
1031 1565 1039 1582 .
1058 1565 1066 1582 .
1088 1565 1096 1582 .

95 1735 188 1800 quam
199 1711 425 1777 consummatio
435 1733 541 1777 eorum
556 1733 626 1798 quae
641 1711 869 1777 ¹eonsummata
883 1718 957 1775 sunt
971 1709 1099 1785 veniret,
1114 1731 1184 1796 quse
1198 1716 1248 1775 est

41 1836 79 1876 aa
95 1801 246 1882 adventus
264 1815 401 1882 christis
445 1815 490 1880 Et
511 1822 637 1901 propter
653 1815 713 1881 hoo
731 1815 856 1880 Danieli
870 1815 1048 1901 ²propbetae
1066 1813 1245 1879 dicebatur:

95 1919 193 1983 Mani
212 1940 366 1997 υοιυιιοιιιι,
387 1928 416 1983 ιι
434 1921 522 2004 eipso
542 1918 654 1984 tiorum
672 1940 763 2005 asqao
780 1919 826 1983 od
841 1927 956 2003 tempas
974 1917 1245 1994 consummationis,
1258 1936 1379 2030 papates

95 2022 287 2108 quoadusquo
305 2023 424 2087 ιιίεοανιι
439 2022 537 2100 inulti,
553 2031 581 2088 ιι
595 2021 804 2108 adimpleatur
817 2022 943 2107 aalma
977 2022 1021 2086 Ιυ
1036 2043 1067 2086 νο
1081 2020 1162 2084 onim
1179 2042 1247 2085 ουυι
1298 2013 1304 2026 '

88 2126 269 2208 perficietur
282 2125 437 2210 dispersio,
453 2134 621 2209 σοριιοωιηι
633 2125 736 2189 οιιιιιὶα
750 2123 822 2188 too.
860 2123 922 2189 Sed
938 2131 971 2189 et
987 2123 1166 2189 Hieremias
1178 2123 1243 2187 ait:

95 2227 138 2292 Ινι
152 2229 320 2292 ιιοοὶωίυιιὲι
333 2227 440 2292 diebos
456 2228 622 2314 ιἰιιιιιιριιιι
637 2251 684 2294 να.
720 2227 831 2293 Omnis
853 2228 936 2292 enim
957 2228 1130 2314 prophetia,
1146 2228 1245 2313 prius·
1258 2246 1366 2286 rann.
1376 2246 1406 2285 so

96 2351 187 2416 quam
203 2330 317 2396 babeat
331 2331 486 2410 effectum,
508 2331 677 2417 aenigmata
691 2338 724 2396 et
737 2330 958 2418 ambiguitates
971 2340 1045 2396 sunt
1059 2330 1247 2396 hominibus.

96 2432 176 2498 (lum
194 2441 302 2498 autem
321 2433 438 2499 venerit
455 2443 589 2519 tempus,
611 2442 644 2498 et
664 2433 821 2499 2ουοαειίι
841 2431 924 2519 quod
947 2432 1166 2519 prophetatum
1185 2439 1245 2510 est,

94 2542 170 2601 tune
196 2536 384 2622 ⁸prophetiae
409 2537 525 2601 habent
546 2536 694 2621 liquidam
716 2542 749 2601 et
775 2544 893 2601 sertam
921 2534 1157 2622 expositionem.
1202 2535 1248 2600 Et

94 2645 221 2723 propter
234 2637 293 2702 hoo
308 2638 433 2724 quidem
445 2637 569 2702 Judaeis
583 2659 653 2702 cum
669 2636 782 2724 legitur
798 2637 866 2701 Lex
878 2637 911 2700 in
925 2636 985 2701 hoe
999 2658 1083 2702 nune
1094 2646 1246 2722 temporo,

94 2741 206 2804 fabulae
221 2741 331 2805 similis
345 2748 406 2804 est:
430 2762 492 2804 non
507 2740 589 2804 eninr
604 2740 721 2805 habent
737 2738 964 2825 expositionem
984 2737 1123 2803 omnium
1143 2759 1247 2803 rerum

95 2845 302 2930 pertinentem
319 2844 359 2908 ad
380 2845 546 2908 adventum
563 2843 637 2908 Filii
653 2843 725 2921 Dei,
747 2842 800 2928 qui
815 2851 864 2907 est
883 2842 1053 2907 seeundum
1071 2840 1244 2906 hominem:

94 2967 116 3010 a
130 2946 315 3012 Christianis
333 2969 405 3011 vero
425 2969 496 3012 eum
516 2945 639 3034 legitur,
660 2946 826 3011 thesaurus
844 2954 904 3024 est,
919 2946 1091 3010 absconsus
1108 2944 1141 3008 in
1158 2965 1245 3030 agro,

95 3068 185 3112 eruce
200 3069 272 3111 vero
288 3047 404 3112 Christi
421 3047 574 3113 revelatus
593 3055 652 3126 est,
668 3057 701 3112 et
719 3046 932 3131 ³explanatus,
948 3054 981 3111 et
1000 3046 1104 3111 ditans
1120 3067 1247 3111 sensum

94 3149 266 3228 hominum,
290 3158 324 3215 et
347 3150 514 3215 ostendens
542 3151 728 3236 sapientiam
754 3151 825 3228 Dei,
849 3159 882 3215 et
905 3172 960 3216 eas
985 3171 1054 3236 quae
1077 3159 1151 3214 sunt
1172 3170 1247 3236 erga

95 3250 253 3317 hominem
269 3251 488 3338 dispositiones
507 3254 576 3340 ejus
594 3252 807 3331 manifestans,
829 3260 862 3317 et
882 3251 999 3317 Christi
1018 3274 1149 3339 regnum
1169 3273 1247 3337 prae-

95 3354 242 3430 formans,
262 3363 294 3418 et
315 3353 530 3419 haereditatem
547 3363 666 3419 sanotae
687 3353 885 3418 Hierusalem
905 3353 1194 3441 praeevangelisans,
1214 3360 1247 3417 et

95 3456 319 3539 praenuntians,
343 3455 490 3541 quoniam
508 3456 541 3519 in
562 3465 686 3521 tantum
708 3455 802 3521 homo
821 3456 954 3543 diligens
973 3456 1075 3521 Deum
1094 3455 1245 3543 proficiet,

95 3565 131 3622 ut
155 3558 249 3623 etiam
272 3559 376 3624 videat
400 3559 514 3636 Deum,
538 3568 570 3624 et
594 3558 700 3623 audiat
722 3580 896 3624 sermonem
918 3559 995 3644 ejus,
1016 3567 1050 3624 et
1074 3580 1114 3623 ex
1137 3557 1246 3622 auditu

94 3660 223 3746 loquelae
238 3663 307 3746 ejus
322 3661 353 3724 in
368 3669 491 3727 tantum
505 3661 682 3749 glorificari,
697 3661 744 3726 uti
759 3661 867 3748 reliqui
879 3662 1072 3748 nonpossint
1086 3659 1246 3725 intendere

95 3762 253 3828 infaciem
267 3764 375 3852 gloriae
390 3767 468 3850 ejus,
484 3764 743 3852 quemadmodum
755 3765 874 3830 dictum
893 3774 942 3828 est
956 3785 976 3828 a
991 3763 1142 3828 Daniele:
1170 3762 1245 3842 Quo·
1259 3793 1312 3833 nm„
1321 3793 1357 3833 ,n
1366 3793 1385 3832 a

94 3868 181 3930 aiam
195 3868 571 3954 intelliqeatesfalyebant
585 3867 852 3954 4ρυοιιιαιιιιιοιιιιυι
869 3867 998 3932 claritas
1002 3868 1204 3948 flammanti,
1219 3878 1247 3932 ιι

95 3991 117 4034 α
134 3971 239 4034 maltis
250 3971 345 4055 justis
362 3973 440 4035 sient
457 3972 550 4036 ιιοιιω
570 3972 605 4035 ia
623 3970 744 4049 ιωουια,
760 3980 789 4034 et
808 3970 919 4034 addae.
961 3969 1247 4051 ⁶Quemadmodum

145 4123 154 4155 ¹
173 4125 224 4172 For
241 4133 404 4174 consummata
420 4125 435 4173 Ι
452 4126 513 4175 offer
529 4127 572 4175 the
588 4143 645 4175 eon·
695 4124 792 4174 ειόηαια
803 4131 841 4183 ιιι,
856 4123 935 4172 Lacr.
950 4134 985 4172 IV.
1002 4124 1039 4172 18.

92 4206 199 4269 jeetural
211 4208 368 4257 emendation
380 4208 408 4256 of
416 4207 564 4257 mneioaota.
593 4209 646 4257 The
744 4204 823 4253 ¹An.
836 4206 910 4253 omits
918 4203 1047 4266 propheta.
1071 4204 1104 4254 ib.
1117 4205 1198 4255 mal.

95 4289 204 4351 practice
220 4288 249 4336 ol‘
263 4289 350 4352 giving
367 4304 383 4337 a
398 4289 494 4352 passive
510 4288 576 4336 fores
589 4293 616 4336 to
631 4304 647 4337 a
745 4286 756 4319 ⁸
772 4289 823 4336 An.
833 4285 965 4349 propbeta,
977 4286 1027 4333 and
1038 4285 1196 4348 ωριιιοιαιιιι.

95 4367 220 4433 deponent
236 4370 296 4418 verb
313 4371 333 4417 is
350 4376 394 4418 not
410 4368 517 4417 unusual
528 4367 588 4415 with
604 4369 647 4417 the
745 4368 757 4400 ⁴
772 4370 823 4418 As.
836 4374 863 4416 at
873 4368 913 4416 sor
922 4367 1131 4429 quenadmodum.

95 4451 237 4510 translator,
250 4451 299 4498 and
311 4451 468 4500 concionaris
479 4450 643 4512 προφητεύειν.
745 4449 756 4481 ⁸
773 4450 867 4499 Gneus
885 4449 1009 4499 considers
1027 4450 1070 4499 tbs
1091 4455 1146 4500 text
1163 4452 1192 4500 of
1205 4453 1248 4501 tho

96 4529 646 4594 Otldemborsetumm,etiamSibyllocoa·
696 4530 824 4596 following
844 4537 972 4582 sentenoes
993 4536 1020 4581 to
1043 4533 1074 4581 be
1091 4536 1244 4598 transposed,

1034 4625 1156 4689 lto—a
