3000 4994
561 342 616 396 EX
640 340 784 395 Palscls
808 337 1001 393 EXEMPLIS

706 654 808 722 GAP.
831 653 876 722 V.

211 815 430 893 Priscorum
452 817 530 894 nita
555 819 724 917 mnpoeua,
753 819 851 894 Elia
881 832 913 895 et
937 818 1067 893 Enoclr
1093 843 1176 893 cant
1196 818 1371 918 propriis

287 938 501 1038 corporibus
526 938 730 1032 translatio,
753 965 830 1013 ana
860 965 943 1013 carn
964 939 1074 1013 Jona
1097 937 1258 1013 Anania
1274 937 1370 1012 Ana

285 1055 352 1130 ria
385 1069 417 1130 et
444 1056 616 1131 Miscelis
643 1057 683 1131 in
710 1054 863 1132 summis
886 1054 1063 1155 periculis
1088 1054 1366 1146 conservatione,

286 1170 470 1246 evidenter
504 1172 693 1248 ostendant
722 1171 846 1247 Deam
885 1171 1045 1246 accitare
1067 1195 1176 1268 posse
1210 1194 1369 1268 corpora

288 1301 414 1362 nostra
431 1288 485 1363 acl
501 1289 616 1363 nitarn
634 1303 816 1364 aternam.

214 1474 244 1535 1.
284 1471 451 1553 Quonrsnr
478 1483 583 1540 autem
605 1471 704 1539 multo
726 1481 864 1558 tempore
887 1472 1141 1559 ¹perseverabant
1169 1493 1307 1557 corpora,
1336 1471 1367 1536 in
1380 1491 1461 1530 nna

213 1583 363 1658 quantum
378 1575 494 1660 placuit
510 1577 580 1642 Deo
597 1578 686 1641 ¹bene
701 1576 824 1653 habere,
837 1575 944 1662 legant
960 1575 1147 1660 Scripturas,
1163 1582 1196 1639 et
1210 1575 1368 1639 invenient

212 1697 267 1740 eos
290 1677 342 1762 qui
368 1688 442 1743 ante
474 1701 531 1743 nos
560 1682 694 1758 fuerunt,
720 1679 935 1765 septingentos
960 1684 993 1741 et
1020 1677 1216 1764 octingentos
1237 1685 1269 1742 et
1291 1698 1368 1741 non·

211 1789 324 1864 gentos
346 1803 445 1847 annos
468 1803 700 1870 supergressus:
725 1790 758 1847 et
784 1782 1053 1867 consequebantur
1077 1803 1205 1866 corpora
1231 1780 1367 1867 ipsorum

212 1879 472 1970 longinquitatem
495 1884 624 1964 dierum,
646 1892 679 1950 et
705 1889 717 1924 ²
724 1883 952 1970 participabant
966 1883 1072 1962 vitam,
1098 1883 1131 1947 in
1156 1891 1308 1970 quantum
1331 1905 1369 1948 ea

50 2062 83 2103 ιιι
93 2063 186 2103 mrum
213 2041 287 2114 ³Tr'
306 2041 409 2113 di
357 2076 410 2115 και
431 2076 507 2144 περι
497 2044 653 2116 ἐκείνων
677 2046 844 2137 >erfonem
871 2046 999 2136 ὅπουγε
1016 2043 1129 2140 Ἐνώχ
1146 2044 1368 2143 εὐαρεστῆσαι

49 2111 70 2149 J
79 2109 174 2150 Damne-

50 2154 154 2197 addam

48 3129 104 3170 Πολ.
113 3130 142 3169 at.
151 3140 178 3169 ex

50 3176 101 3215 Gen.
108 3187 128 3216 v.
136 3178 166 3215 2&

49 3239 187 3288 dilaniati.

214 2163 264 2246 τῷ
302 2157 438 2248 Θεῷᾙ
422 2190 456 2228 εν
481 2160 611 2242 σώματι
641 2159 813 2243 μετετέθη,
839 2158 900 2242 τὴν
924 2155 1105 2242 μετάθεσιν
1140 2162 1206 2228 τῶν
1240 2155 1368 2228 δικαίων

215 2272 416 2404 προμηνύειν
468 2270 539 2341 Καὶ
556 2270 755 2355 Ἠλίας,ὡς
784 2270 865 2353 ἦν’
850 2302 882 2340 εν
911 2273 955 2363 τῇ
979 2301 1040 2342 του
1026 2265 1302 2352 πλάσματος
1287 2301 1368 2340 υτο-

215 2378 347 2522 σταῖσει,
373 2383 617 2482 ἆνελῆφθη,
580 2416 640 2466 την
669 2380 841 2477 ἆνᾶληψιν
870 2388 936 2456 τῶν
958 2385 1202 2466 4πνευματικῶν
1231 2389 1368 2482 προφη-

214 2496 323 2568 τεύων·
348 2528 403 2568 και
394 2495 518 2567 οὐθὲν
543 2495 793 2569 e’renridroev'
755 2505 864 2572 aurete
887 2527 931 2567 το
960 2500 1053 2577 σῶμα
1079 2493 1162 2593 πρὸς
1185 2527 1246 2577 την
1264 2526 1368 2578 μετα-

216 2611 307 2679 θεσιν
339 2609 392 2680 καὶ
426 2607 607 2706 ἆνᾶληψιν.
661 2610 769 2680 Δι’
741 2641 784 2681 ων
813 2606 881 2708 γὰρ
911 2612 1028 2706 χειρῶν
1058 2604 1344 2689 ἕτλασθησαν
1306 2640 1367 2690 την

215 2720 330 2819 ἆρχῆν,
358 2720 410 2793 dri
436 2724 564 2795 τούτων
594 2722 655 2805 τὴν
682 2719 861 2807 μετάθεσιν
888 2721 941 2791 καὶ
967 2717 1138 2815 ἀνάληψιν
1164 2717 1365 2809 ἐλάμβανον.
1379 2739 1404 2777 G·
1414 2739 1455 2778 ⁴⁰&

214 2832 413 2919 Εἰθισμέναι
435 2834 503 2935 γὰρ
523 2838 607 2919 ἦσαν
626 2837 658 2906 ἐν
675 2837 724 2925 τῷ
742 2831 856 2916 Ἀδὰμ
876 2837 913 2904 αι’
933 2843 1040 2931 χεῖρες
1063 2838 1126 2904 τοῦ
1144 2832 1231 2903 Θεοῦ
1252 2834 1367 2931 ῥυθμί-

215 3006 303 3072 Deus
312 3008 411 3074 vivere
421 3008 553 3075 volebat.
584 3007 666 3090 Quid
679 3015 782 3073 autem
793 3009 831 3074 de
842 3008 1083 3074 illis⁵dieimust
1110 3009 1368 3095 Quandoquidem

214 3110 326 3175 Enoch
347 3111 473 3197 placens
494 3111 564 3176 Deo
584 3111 617 3175 in
637 3133 698 3197 quo
719 3111 835 3198 placuit
854 3134 981 3196 corpore
1004 3111 1173 3177 translatus
1190 3120 1249 3190 est,
1267 3120 1367 3176 trans·

213 3210 360 3277 lationem
374 3213 530 3297 justorum
550 3222 801 3298 praemonstrans.
843 3213 887 3278 Et
909 3213 1030 3291 Helias,
1052 3212 1133 3279 sicut
1148 3222 1215 3279 erat
1235 3214 1267 3277 in
1287 3214 1368 3299 plas-

213 3315 308 3379 matis
321 3314 505 3393 substantia‚
520 3324 679 3380 assumtus
692 3324 750 3394 est,
766 3316 990 3381 assumtionem
1005 3320 1146 3403 ⁴patrum
1161 3317 1364 3402 prophetans:

212 3425 245 3483 et
271 3417 350 3481 nihil
378 3417 519 3503 impediit
545 3441 600 3484 eos
625 3441 738 3506 corpus
766 3419 799 3484 in
828 3420 1062 3486 translationem
1087 3431 1120 3486 et
1145 3422 1368 3486 assumtionem

213 3542 329 3587 eorum.
377 3522 528 3587 Perillae
549 3522 633 3587 enim
651 3541 772 3601 manus,
791 3546 846 3608 per
865 3546 944 3608 quas
964 3525 997 3586 in
1015 3524 1104 3588 initio
1119 3524 1262 3610 plasmati
1283 3532 1366 3602 sunt,

212 3646 267 3711 per
293 3623 376 3711 ipsas
404 3625 627 3691 assumtionem
656 3634 689 3690 et
717 3627 952 3692 translationem
978 3636 1175 3713 acceperunt.
1220 3631 1367 3692 Assuetae

212 3727 297 3792 enim
317 3737 406 3793 erant
426 3728 459 3793 in
483 3728 589 3792 Adam
607 3750 717 3793 manus
737 3729 798 3794 Dei
817 3737 962 3814 coaptare
986 3739 1018 3794 et
1045 3739 1151 3795 tenere
1177 3739 1210 3795 et
1230 3731 1368 3815 bajulare

262 3892 343 3953 1(λι,
367 3895 443 3954 Vna,
468 3894 548 3944 Voss.
571 3894 762 3957 perseverabant,
816 3893 997 3955 Damfinr’ens,
1011 3894 1108 3942 odeora
1120 3893 1273 3956 priscilliae
1288 3894 1369 3943 cautio

212 3976 266 4023 Aa.
284 3973 440 4034 laniabere,
456 3979 482 4024 rt
493 3978 564 4037 ἔχειν,
578 3976 663 4025 volem.
815 3974 852 4023 toi
863 3974 1040 4036 dacmptoesse
1050 3975 1169 4024 vidntur.
1204 3975 1307 4024 Gaias.

261 4052 272 4085 ¹
288 4055 514 4118 As.porticipar1t.
864 4055 875 4086 ⁴
894 4056 988 4105 Glisas
1005 4057 1119 4105 observes
1136 4058 1194 4105 that
1206 4057 1249 4105 the
1266 4057 1370 4106 transla-

260 4134 272 4169 ⁸
286 4137 347 4186 Hoee
363 4138 446 4187 Gracc
460 4137 496 4186 bis
509 4138 538 4185 in
553 4137 660 4188 Ioannis
672 4137 766 4186 Dono·
815 4143 855 4187 tor
865 4137 915 4187 had
931 4138 990 4187 here
1005 4140 1048 4187 the
1062 4139 1123 4188 false
1135 4139 1238 4202 reading
1249 4140 1368 4200 πατέρων.

211 4218 276 4268 aceri
286 4217 421 4268 Parollelr's
432 4226 489 4268 rant
502 4219 583 4279 σίεσεα,
599 4226 620 4268 et
633 4235 688 4268 con
704 4219 762 4269 coa.
815 4219 876 4268 And
885 4223 1050 4279 πνευματικῶν
1060 4221 1130 4270 hasa
1141 4221 1258 4270 manifest
1268 4221 1369 4285 parallel

212 4297 244 4349 ²6
255 4300 356 4350 Barocc.
370 4301 398 4350 in
410 4301 559 4352 aminaea
570 4301 709 4350 Bodleiarm
720 4301 764 4350 ool·
815 4303 841 4351 in
859 4305 960 4353 δικαίων.

211 4381 270 4431 loto.
305 4383 397 4432 Initio
414 4384 504 4448 quippe
520 4385 569 4446 fol.
597 4397 643 4445 150
665 4384 766 4434 totana
864 4384 1006 4445 “dicimus
1025 4385 1135 4434 restored
1145 4386 1211 4434 from
1222 4386 1265 4433 the
1277 4385 1367 4435 Greek.

205 4462 375 4525 fraenatam
382 4465 448 4515 Irae.
457 4466 488 4514 ab
495 4465 589 4514 ultimis
597 4481 652 4528 cap.
660 4479 681 4526 3.
689 4464 766 4514 veroa
816 4465 954 4527 clavena.
963 4467 1082 4528 dicamus,
1092 4468 1143 4517 Aa.
1154 4467 1267 4527 dumne,
1278 4467 1367 4517 Mane.

210 4543 339 4606 incipiens,
353 4546 467 4596 academ
478 4546 549 4610 tujra
560 4563 622 4611 cop„
629 4553 701 4609 porte
711 4563 766 4598 curn
816 4560 846 4599 11.
860 4548 999 4599 nicetiano.
