3000 4994
638 359 778 412 VERBA.
1219 343 1283 406 241

135 511 306 590 mulierum,
330 520 359 576 et
381 512 495 598 omcpit
515 510 574 576 ribi
599 511 740 575 mulieres
760 509 968 596 alienigenae:
991 518 1020 574 et
1035 511 1161 595 factrus
1182 516 1224 572 eat
1252 508 1287 571 in
1321 525 1425 611 ¹³¹¹1³,“,¹,V·

135 624 264 702 tempore
291 616 447 680 senectutis
473 615 649 692 Submotis
678 636 737 678 coc
766 623 833 678 emt
859 635 911 677 cor
937 613 1000 697 ejus
1020 615 1192 699 perfectum
1220 584 1448 705 tumffigiqbss·

136 719 267 782 Domino
281 718 348 783 Deo
361 739 423 784 ruo.
460 716 503 781 Et
517 717 707 782 diverterunt
725 716 867 781 mulieres
884 715 1064 800 alienigene
1077 736 1128 778 cor
1148 713 1212 798 ejus
1220 721 1289 799 post
1312 710 1450 792 Q

136 821 216 886 Deos
229 822 351 887 alicime.
378 821 422 887 lit
427 821 507 907 fecit
518 819 660 885 Schema
673 819 842 905 cmtipuum
856 820 1058 904 incompacta
1072 817 1200 881 Domini
1203 839 1214 876 .·
1230 838 1289 881 coa

137 924 215 989 abiit
225 934 295 1011 post
311 925 486 1003 Dominum,
509 923 758 1010 quemadmodum
777 922 889 987 Dauid
898 930 993 1008 poter
1014 920 1087 1005 dus.
1124 919 1169 985 Et
1190 920 1290 984 iratus

138 1036 179 1090 cst
200 1026 351 1090 Dominus
369 1026 404 1090 io
424 1025 626 1090 Summanu:
649 1047 709 1089 noc
727 1023 806 1088 enim
828 1031 896 1088 erat
912 1044 963 1087 cor
984 1022 1048 1106 ejus
1060 1023 1234 1109 perfectum
1255 1022 1291 1086 ia

138 1129 279 1209 Domino,
300 1129 463 1194 secundum
479 1151 531 1194 cor
547 1128 658 1193 Ducid
675 1129 778 1215 patris
795 1129 868 1211 ejus.
906 1125 1101 1192 Sufficienter
1120 1124 1291 1212 increpavit

139 1255 211 1297 eum
238 1232 409 1317 Scriptura,
434 1231 516 1297 sicut
539 1231 620 1296 dixit
641 1232 811 1318 presbyter,
840 1238 876 1295 ut
898 1251 961 1295 non
979 1229 1128 1317 glorietur
1149 1228 1292 1292 universa

140 1356 213 1399 caro
229 1334 261 1398 in
275 1342 443 1419 conspectu
458 1334 597 1398 Domini.

207 1443 238 1502 4.
276 1437 321 1502 Et
341 1446 467 1523 propter
486 1437 546 1503 hoc
565 1436 753 1502 ¹Dominum
775 1438 807 1502 in
824 1458 949 1523 eaquae
968 1443 1042 1501 sunt
1063 1435 1121 1501 sub
1140 1442 1223 1500 terra
1240 1432 1293 1498 de·

40 1579 66 1618 o.
76 1573 118 1615 ur.
142 1540 308 1618 scendisse,
320 1539 597 1628 ²evangelisantem
609 1553 642 1605 et
653 1540 713 1605 illis
725 1540 891 1606 adveutum
902 1561 1003 1618 suum,
1012 1538 1211 1603 8ιοιιιίειίοιιθ
1223 1559 1294 1623 pec-

142 1654 282 1710 catorum
299 1645 471 1710 exsistente
485 1644 535 1710 his
549 1645 602 1732 qui
617 1647 747 1711 credunt
761 1646 793 1710 in
809 1668 890 1710 eum.
924 1643 1128 1709 credidenmt
1141 1651 1246 1709 autem
1261 1643 1294 1707 in

141 1770 213 1813 eum
228 1770 336 1814 omnes
351 1749 404 1835 qui
423 1751 590 1834 sperabant
610 1749 642 1814 in
658 1771 739 1827 eum,
755 1748 787 1813 id
802 1758 860 1825 est,
883 1749 937 1835 qui
952 1747 1120 1811 adveutum
1133 1748 1202 1833 ejus
1216 1768 1295 1832 prae·

142 1853 370 1929 nuntiaverunt,
385 1859 418 1916 et
433 1851 686 1936 dispositionibus
699 1853 767 1937 ejus
781 1851 961 1926 servierunt,
981 1849 1061 1936 justi
1081 1856 1113 1913 et
1137 1847 1295 1934 prophetae

142 1965 175 2019 et
191 1954 394 2039 patriarcbae:
418 1955 530 2041 quibus
548 1954 690 2019 similiter
704 1963 739 2019 ut
754 1953 845 2018 nobis
858 1952 978 2018 remisit
993 1960 1132 2037 peccata,
1149 1973 1217 2038 quae
1232 1972 1296 2015 non

143 2067 266 2143 oportet
280 2080 338 2122 nos
352 2057 505 2143 imputare
524 2057 582 2134 his,
601 2057 627 2122 si
644 2057 809 2142 quominus
823 2056 1050 2121 contemnimus
1067 2054 1200 2142 gratiam
1222 2052 1293 2119 Dei.

146 2160 414 2243 Quemadmodum
437 2160 538 2226 ⁴enim
557 2160 601 2225 illi
627 2182 690 2224 non
713 2161 908 2245 imputabant
927 2159 1036 2223 ⁶nobis
1055 2156 1297 2224 incontinentias

144 2271 277 2339 nostras,
293 2282 371 2347 quas
386 2263 504 2347 operati
519 2285 636 2338 sumus,
652 2261 830 2348 priusquam
843 2261 986 2327 Christus
1000 2261 1032 2325 in
1047 2261 1137 2326 nobis
1151 2260 1297 2325 manifes-

145 2374 279 2439 taretur;
296 2365 341 2429 sic
355 2373 389 2428 et
403 2387 461 2430 nos
475 2388 536 2431 non
552 2375 600 2431 est
610 2366 731 2451 justum
746 2366 899 2451 imputare
913 2373 987 2429 ante
998 2364 1165 2429 adventum
1181 2362 1298 2428 christi

145 2469 196 2533 his
210 2468 264 2552 qui
279 2476 492 2554 peccaverunt.
537 2469 645 2533 Omnes
658 2467 741 2532 enim
759 2468 899 2532 homines
918 2471 1019 2552 tepent
1029 2466 1131 2553 gloria
1146 2466 1218 2542 Dei,
1230 2467 1297 2553 jus-
1310 2489 1372 2530 mm.
1382 2487 1411 2528 m
1420 2487 1451 2526 ss

146 2571 305 2635 tilicantur
318 2579 424 2634 autem
440 2591 501 2634 non
516 2592 536 2634 a
550 2569 735 2656 semetipsis,
751 2570 807 2635 sed
824 2591 844 2634 a
858 2569 987 2634 Domini
1005 2569 1151 2644 adventu,
1166 2567 1219 2653 qui
1232 2567 1298 2631 ⁷in-

146 2675 279 2738 tendunt
293 2673 398 2738 lumen
412 2674 490 2759 ejus.
528 2673 567 2737 In
583 2682 722 2738 nostram
741 2683 848 2739 autem
867 2672 1091 2757 correptionem
1107 2671 1299 2756 conscriptos

147 2797 216 2840 esso
230 2784 321 2840 actus
335 2798 452 2852 eorum,
468 2784 503 2841 ut
517 2775 667 2841 sciremus
681 2776 815 2862 primum
838 2775 974 2863 quidem,
993 2775 1139 2860 quoniam
1154 2796 1234 2839 unus
1248 2782 1299 2839 est

148 2877 237 2942 Deus
251 2887 357 2942 noster
377 2887 409 2942 et
424 2877 554 2956 illorum,
576 2878 625 2944 cui
641 2900 703 2943 non
717 2879 860 2964 placeant
874 2886 1012 2963 peccata,
1033 2877 1155 2943 etiamsi
1169 2898 1189 2941 a
1207 2875 1299 2942 claris

148 2982 244 3055 fiant;
268 2981 390 3056 deinde,
410 2990 446 3045 ut
464 2981 677 3046 abstineamus
690 3002 712 3045 a
725 2981 825 3047 malis.
863 2981 897 3046 Si
920 2981 1003 3046 enim
1017 2980 1050 3045 hi
1066 2981 1118 3066 qui
1133 3002 1299 3067 praecesse·

148 3093 221 3148 runt
236 3106 293 3149 nos
307 3083 339 3147 in
351 3083 590 3149 charismatibus
601 3094 728 3162 veteres,
744 3093 869 3170 propter
882 3106 961 3171 quos
975 3085 1112 3149 nondum
1125 3084 1226 3148 Filius
1238 3082 1299 3150 Dei

149 3209 260 3273 passus
273 3196 351 3263 erat,
368 3186 581 3273 delinquentes
594 3186 626 3251 in
640 3188 755 3275 aliquo,
770 3196 803 3253 et
818 3189 1076 3274 concupiscentiae
1089 3188 1192 3254 carnis
1207 3187 1300 3253 servi-

149 3300 248 3368 entes,
272 3289 328 3354 tali
351 3289 454 3355 allecti
480 3300 554 3354 sunt
579 3290 768 3377 ignominia;
801 3292 875 3377 quid
898 3292 1018 3378 passuri
1044 3300 1117 3357 sunt
1143 3291 1195 3376 qui
1219 3313 1301 3357 nunc

148 3403 232 3471 sunt,
256 3393 308 3477 qui
324 3401 554 3458 contemsemnt
573 3394 741 3458 adventum
760 3394 897 3472 Domini,
918 3404 951 3459 et
965 3395 1175 3460 deservierunt
1194 3395 1300 3480 volup

149 3497 267 3562 tatibus
280 3497 361 3561 suist
398 3496 444 3562 Et
455 3497 516 3562 illis
531 3496 656 3582 quidem
670 3497 788 3563 curatio
803 3505 835 3562 et
849 3497 990 3563 remissio
1005 3507 1203 3585 peccatorum
1217 3518 1302 3562 mors

197 3644 267 3694 122e.
287 3645 370 3694 Christ
380 3644 529 3708 proclaimed
540 3643 699 3693 salvationin
749 3644 889 3697 existentem
915 3647 966 3695 An.
979 3645 1235 3707 misenensem.
1249 3643 1300 3694 Ga.

149 3726 236 3775 Hades
253 3731 280 3774 to
293 3727 364 3775 those
376 3727 432 3775 who
447 3727 473 3774 in
492 3726 534 3775 lite
548 3726 700 3791 anticipamd
750 3726 1057 3787 remissam...ccirtcntcm,
1071 3725 1198 3790 requiring
1214 3732 1242 3783 et,
1261 3725 1301 3773 sal

150 3809 193 3857 the
207 3808 331 3857 Christian
349 3809 420 3868 saith,
434 3809 545 3858 whether
558 3810 592 3873 by
604 3809 700 3858 loretel-
751 3812 796 3869 rip
807 3811 951 3870 ᾱφεσιντῶν
959 3810 1081 3871 ἁμαρτιῶν
1090 3809 1252 3869 ὑπάρχουσαν.

150 3890 203 3954 ling
215 3890 317 3939 Obrist’s
324 3890 417 3938 advent
428 3891 454 3938 in
464 3890 507 3939 the
522 3891 593 3954 spirit
604 3890 633 3938 ot
646 3906 701 3954 pro·
800 3890 812 3922 ⁴
827 3892 880 3939 The
894 3891 993 3940 Οιιιιιιι.
1010 3891 1084 3939 omits
1096 3888 1168 3938 enim.

150 3973 237 4037 phecy,
250 3989 278 4020 or
290 3973 325 4036 by
335 3972 414 4035 living
427 3988 461 4036 up
477 3977 504 4020 to
519 3971 562 4020 tbe
576 3971 664 4035 degree
675 3971 705 4019 of
802 3972 812 4004 ⁵
828 3971 903 4031 mobis,
918 3973 959 4021 i.e.
976 3970 1075 4019 abnuis
1087 3976 1142 4018 octe
1155 3968 1246 4019 tumul
1257 3969 1302 4017 ad·

150 4054 215 4118 light
226 4054 361 4119 possessed.
384 4053 645 4116 Nothingissaidon
658 4053 701 4102 the
751 4060 854 4113 mum,
878 4053 980 4102 Garun.
1018 4051 1071 4100 The
1091 4050 1171 4099 words
1193 4066 1234 4099 are
1253 4051 1304 4100 still

151 4137 247 4197 subject
265 4136 294 4184 oi
305 4152 320 4184 a
337 4141 403 4184 state
417 4136 445 4184 of
456 4135 521 4184 total
538 4135 657 4184 darkness
676 4133 705 4184 oi
753 4137 825 4185 those
841 4134 871 4182 of
883 4134 926 4183 the
944 4133 1079 4197 presbyter,
1098 4131 1149 4179 and
1165 4131 1233 4180 sbew
1248 4132 1305 4180 that

151 4219 194 4266 the
209 4218 281 4282 spirit
295 4218 370 4281 being
384 4218 454 4266 there
468 4217 524 4265 first
536 4215 655 4280 dispelled
670 4216 703 4280 by
753 4217 785 4265 he
793 4231 844 4263 was
855 4214 884 4262 os
892 4212 999 4273 Gentils,
1011 4217 1057 4260 not
1068 4212 1096 4260 of
1103 4211 1122 4261 J
1123 4211 1199 4260 ewisb
1210 4216 1304 4261 extrao-

153 4301 250 4360 Christ;
267 4300 310 4348 the
321 4300 384 4347 view
398 4299 474 4347 taken
487 4298 512 4347 in
526 4298 570 4347 the
586 4296 648 4345 false
661 4313 703 4361 go·
752 4298 815 4348 tion.
850 4297 901 4345 Aa.
914 4294 1043 4357 impuram.

152 4382 204 4446 spel
211 4382 240 4430 of
248 4382 407 4441 Nicodemus,
419 4381 469 4430 and
477 4381 549 4429 other
555 4379 702 4442 apocopen
803 4387 1306 4472 semeromssothesyneram»

202 4462 280 4514 'Aa
293 4464 434 4527 evangelum
445 4479 511 4512 unm.
565 4541 570 4553 Ι
599 4541 605 4554 ⁶
755 4461 819 4554 ἑο
833 4476 1003 4526 dubitamus.

202 4546 701 4608 'VH-‚Vfflllobuwlel'mmwmr
805 4558 855 4609 ⁷ol
872 4559 1042 4620 tvsrvltomr
1059 4560 1092 4610 etr
1110 4559 1139 4608 rb
1156 4559 1206 4621 φῶς
1224 4559 1304 4607 sirei.
