3000 4994
230 317 295 382 200
673 333 786 387 nasos
812 333 946 387 soctan

89 500 190 586 1232}
229 491 418 578 omnipotens,
435 502 463 557 ot
479 492 665 574 sacrificinm
683 513 742 556 noo
758 489 913 577 accipiam
933 491 969 555 do
987 489 1126 553 monitos
1144 489 1261 552 nestris.
1308 487 1385 566 Qoo
1399 511 1474 552 aas.

94 594 188 678 {ffxlffi
230 595 315 658 niam
327 593 366 658 oi
382 604 450 661 orto
459 595 530 660 solta
544 617 636 682 osqoo
651 594 696 660 od
708 617 844 659 occasum
858 615 963 658 nomon
978 615 1074 658 onium
1086 592 1292 674 ¹olorifiootor
1305 592 1386 654 istor

76 685 204 771 Midili·
227 707 335 781 pontes,
351 707 380 762 ot
399 699 434 762 in
448 698 531 763 omni
545 698 605 765 loco
623 699 775 762 incensum
795 699 921 780 ορῗσσίσν
936 696 1053 761 nomini
1068 717 1139 773 meo,
1158 703 1187 758 ot
1200 693 1385 774 sacrificinm

65 806 361 885 *parom
392 802 537 885 qnoniam
565 823 710 886 τοαροοσο
735 810 777 866 ost
808 822 913 865 atomon
940 821 1039 863 manin
1067 799 1102 862 io
1131 795 1277 884 pontibus,
1308 795 1385 858 dicit

228 901 379 967 Dominus
393 903 591 989 omnipotonm
608 902 861 968 manifestissime
875 902 1057 989 significans
1071 923 1126 987 per
1144 901 1222 977 haec,
1238 897 1384 984 quoniam

228 1004 312 1090 prior
326 1006 451 1092 quidem
465 1006 596 1092 populus
611 1007 745 1071 cessabit
757 1008 866 1072 offerre
881 1005 969 1080 Deo;
989 1004 1073 1069 omni
1087 1011 1192 1068 antem
1207 1002 1276 1068 loco
1290 1002 1384 1067 sacri-

228 1107 333 1172 ficinm
351 1108 496 1173 offeretur
514 1107 553 1188 ei,
575 1118 607 1174 et
624 1108 683 1175 hoo
702 1131 835 1194 purum;
857 1130 970 1174 nomen
988 1117 1094 1173 autem
1112 1108 1180 1193 ejus
1194 1105 1385 1193 glorificatur

230 1208 262 1273 in
275 1212 430 1298 gentihus.

684 1420 785 1486 OAP.
809 1420 934 1486 XXX.

232 1574 549 1667 Quemadmodum
565 1577 707 1652 Nomen
726 1575 885 1651 Domini
903 1575 1019 1650 nost-oi
1037 1576 1072 1650 J
1069 1602 1129 1650 eso
1149 1573 1288 1648 Christi
1294 1599 1384 1672 pro

553 1692 682 1793 prium
702 1694 831 1769 Patria
848 1693 1058 1769 ostenditur.

297 1863 326 1925 l.
358 1861 456 1942 (ξενος)
471 1868 639 1926 astantem
654 1860 738 1926 aliud
750 1883 873 1938 nomen,
884 1862 966 1948 quod
981 1860 1014 1924 in
1025 1860 1171 1948 gentibus
1182 1858 1382 1946 glorificatur,

229 1982 323 2048 quam
347 1963 430 2048 qnod
455 1971 505 2027 est
525 1963 653 2027 Domini
670 1962 792 2040 'nostri
816 1986 871 2050 per
894 1986 985 2050 quem
1007 1963 1197 2050 glorificatur
1220 1962 1327 2039 Pater,
1351 1970 1385 2026 et

228 2064 419 2152 glorificatur
441 2066 550 2131 homo?
584 2065 629 2131 Et
653 2066 799 2152 quoniam
818 2066 934 2153 proprii
962 2066 1036 2130 Filii
1060 2067 1128 2152 ejus
1150 2074 1207 2142 est,
1231 2072 1264 2129 et
1284 2065 1324 2129 ab
1346 2087 1384 2129 eo

229 2168 332 2235 lactus
351 2179 401 2235 est
419 2169 523 2248 homo,
549 2191 640 2234 suum
660 2169 747 2233 illum
765 2178 865 2235 vocat.
907 2169 1175 2250 Quemadmodum
1197 2168 1309 2252 siquis
1329 2189 1385 2231 rex

230 2270 297 2357 ipse
319 2272 375 2337 filii
396 2272 445 2338 sui
468 2272 576 2361 pingat
598 2273 776 2360 imaginem,
793 2274 879 2358 juste
897 2295 986 2338 suam
1008 2272 1091 2337 illam
1115 2272 1191 2336 dicit
1216 2271 1385 2357 imaginem

230 2376 400 2440 secundnm
420 2385 595 2463 utrumque,
619 2377 766 2462 quoniam
788 2385 821 2440 et
842 2376 897 2440 filii
922 2376 990 2462 ejus
1015 2384 1073 2454 est,
1096 2383 1129 2440 et
1150 2375 1296 2461 quoniam
1318 2375 1385 2460 ipse

230 2479 410 2544 faciteam:
433 2479 479 2545 sio
493 2488 527 2544 et
540 2479 636 2544 8Jssu
653 2479 768 2545 Christi
784 2501 907 2556 nomen,
923 2479 1006 2565 quod
1025 2501 1080 2564 per
1100 2478 1276 2542 universum
1295 2498 1383 2541 mun-

231 2579 306 2644 dum
320 2581 512 2668 glorificatur
531 2581 563 2645 in
580 2581 732 2660 Ecclesia,
752 2604 843 2646 suum
862 2603 931 2647 esse
950 2582 1116 2647 confitetur
1134 2580 1240 2657 Pater,
1259 2587 1292 2644 et
1310 2601 1385 2665 quo·

230 2682 315 2745 niam
329 2682 419 2746 ⁴Filii
434 2685 502 2770 ojus
516 2693 575 2762 est,
585 2684 633 2749 ⁴et
647 2684 793 2771 quoniam
808 2684 875 2771 ipse
885 2685 1024 2750 scribens
1039 2684 1080 2761 id,
1095 2684 1135 2747 ad
1151 2681 1284 2747 salutem
1299 2681 1385 2747 dedit

230 2783 400 2851 hominum.
440 2787 595 2868 Quoniam
609 2810 685 2875 ergo
703 2810 816 2853 nomen
838 2788 912 2853 Filii
926 2788 1084 2874 proprium
1101 2787 1209 2852 Patris
1223 2796 1282 2863 est,
1299 2795 1333 2851 et
1353 2787 1385 2850 in

231 2886 301 2953 Deo
323 2889 536 2975 omnipotente
557 2892 628 2976 ὅρετ
646 2890 670 2954 J
672 2913 760 2956 esum
781 2891 938 2957 Christum
960 2893 1050 2957 offert
1070 2890 1221 2966 Ecclesia,
1242 2891 1321 2955 bene
1340 2890 1386 2954 ait

231 2991 400 3055 secundnm
416 2999 565 3079 utraque:
589 2994 634 3058 Iit
648 2995 775 3058 inomni
790 2995 849 3060 loco
866 2996 1018 3059 incensum
1031 2995 1156 3076 ‹ffirtor
1174 2994 1291 3057 mittini
1310 3015 1385 3070 nmo,

157 3142 162 3152 .
231 3101 259 3156 ot
281 3094 464 3170 sacrificium
478 3117 606 3181 parom.
654 3096 786 3161 Incensa
811 3107 916 3161 autem
938 3097 1102 3162 iohannes
1128 3097 1162 3160 in
1183 3096 1385 3183 Apocalypsi,

231 3197 379 3262 orationes
392 3219 461 3263 esse
474 3199 520 3264 ait
535 3209 715 3266 mastonem.

281 3388 290 3420 ¹
308 3390 370 3450 Aa,
384 3389 472 3438 Mane.
486 3403 516 3440 11.
532 3391 688 3454 ρῑσςὴῖοασον.
834 3406 873 3451 οι,
886 3391 1027 3440 Ptenchat
1039 3390 1087 3440 call
1098 3390 1385 3447 insomnietate:

281 3469 292 3501 ²
308 3471 392 3530 nostri,
406 3472 511 3521 omitted
522 3473 547 3521 in
559 3474 602 3523 tha
613 3475 721 3524 monn.
834 3473 883 3522 and
894 3474 913 3522 J
916 3485 978 3522 asos
989 3489 1017 3522 ao
1028 3473 1066 3521 far
1083 3473 1176 3537 apphes
1187 3476 1214 3520 to
1225 3473 1268 3520 tha
1282 3472 1383 3530 Fathcr,

281 3552 292 3585 ³
309 3554 436 3603 Insanos
451 3556 533 3616 rafam,
551 3572 579 3605 aa
595 3557 609 3605 Ι
626 3558 741 3621 imagine,
756 3563 783 3606 to
834 3554 1008 3604 asitinvolvcs
1016 3554 1059 3602 tha
1067 3568 1139 3601 name
1147 3553 1283 3601 Jnnovnn.
1297 3552 1336 3600 Oi.
1344 3564 1385 3616 97.

231 3635 275 3685 che
297 3652 370 3684 name
390 3636 465 3685 aaut
489 3623 573 3712 anan}
591 3629 653 3711 olm
676 3639 784 3689 soom
882 3635 1054 3684 mamm.
1072 3634 1385 3697 Aaomitsetfollowing.

231 3717 356 3766 alcmon
375 3718 425 3782 (aa
442 3718 507 3768 nso.
530 3705 582 3768 alit
602 3705 680 3769 aasz.
699 3720 729 3784 of
747 3721 785 3770 oe
883 3718 894 3749 ⁶
911 3718 1006 3766 omna
1018 3716 1087 3780 apny
1095 3721 1183 3778 quotes
1194 3715 1258 3763 from
1270 3714 1385 3775 onmes,

232 3800 326 3860 Creeds,
344 3817 370 3864 p.
382 3798 445 3865 165),
463 3802 544 3850 which
560 3802 582 3850 is
598 3818 614 3850 a
630 3819 709 3863 name,
728 3804 754 3851 in
769 3820 784 3852 a
834 3816 853 3850 c.
872 3799 932 3849 Cels.
946 3811 1007 3846 vm.
1027 3812 1063 3860 13.
1094 3799 1139 3845 'lto
1151 3798 1192 3845 ἕνα
1207 3799 1273 3855 Θεὸν,
1289 3799 1329 3845 καὶ
1346 3799 1388 3846 τὸν

231 3882 324 3931 certain
335 3898 412 3942 senec,
424 3898 538 3931 common
546 3888 573 3932 to
582 3885 625 3933 the
633 3884 727 3934 Father
734 3885 783 3933 and
835 3881 875 3929 ἕνα
888 3881 943 3938 υἱὸν,
959 3881 1032 3927 αὑτοῦ
1043 3880 1082 3926 καὶ
1093 3878 1167 3939 λόγον
1181 3879 1220 3925 καὶ
1232 3879 1317 3937 εἰκόνα,
1335 3880 1388 3927 ταῖς

231 3968 258 4012 to
275 3965 318 4012 tha
333 3964 392 4025 Son,
414 3965 452 4012 for
467 3965 510 4013 tha
531 3966 680 4030 appellativa
699 3966 784 4014 Christ
835 3963 899 4010 sarh
909 3962 938 4009 τὸ
950 3961 1049 4009 δυνατὸν
1056 3961 1112 4018 ἡμῖν
1119 3961 1217 4008 ἱκεσίαις
1225 3961 1264 4007 καὶ
1274 3961 1387 4018 ἀξιώσεσι

231 4061 278 4093 can
294 4045 320 4094 in
338 4061 370 4093 no
387 4062 457 4094 senso
474 4048 570 4110 pertsin
586 4053 613 4096 to
626 4048 669 4097 tha
681 4048 782 4097 Fathar.
834 4045 945 4107 σέβομεν·
963 4044 1126 4104 προσάγοντες
1140 4042 1176 4103 τῴ
1191 4044 1245 4102 θεῷ
1262 4044 1310 4090 τῶν
1325 4044 1388 4090 ὅλων

232 4125 327 4191 Bytho
343 4127 398 4176 first
415 4127 521 4176 clament
537 4129 566 4177 of
580 4130 623 4177 thc
642 4129 784 4194 compound
835 4128 879 4176 τὰς
899 4128 970 4186 εὐχὰς
988 4127 1027 4173 διὰ
1046 4126 1089 4172 τοῦ
1105 4125 1248 4185 μονογενοῦς
1266 4126 1346 4183 αὐτοῦ,
1368 4124 1388 4184 ᾤ

231 4224 311 4268 name,
324 4208 477 4270 plorijicotor
487 4211 569 4270 Pater,
584 4210 618 4275 by
629 4212 672 4260 tha
682 4211 782 4271 second,
835 4211 930 4271 πρῶτον
958 4210 1125 4271 προσφέρομεν
1157 4209 1237 4266 αὑτὰς,
1269 4208 1388 4266 ἀξιοῦντες

229 4289 382 4351 plotiticotnr
397 4291 472 4341 homo.
502 4292 562 4341 This
577 4293 598 4340 is
616 4309 676 4357 vary
690 4293 784 4357 plainly
835 4291 914 4349 αὐτὸν,
929 4291 1036 4348 ἱλασμὸν
1051 4290 1109 4338 im
1121 4288 1194 4351 (περὶ)
1207 4290 1255 4337 τῶν
1267 4289 1389 4349 ἁμαρτιῶν

231 4369 357 4418 indicated
371 4372 397 4419 in
411 4373 454 4420 tho
465 4373 546 4421 words
557 4374 614 4422 that
625 4374 714 4435 follow,
729 4391 784 4438 qno
834 4373 907 4432 ἡμῶν,
933 4373 1107 4434 προσαγαγεῖν,
1133 4373 1163 4421 ὡς
1186 4371 1321 4433 Ἀρχιερέα,
1348 4372 1388 4418 καὶ

231 4448 302 4496 aiom
319 4448 370 4511 ipsc
382 4452 486 4502 northeim
499 4453 536 4514 id,
553 4454 700 4504 adsalutem
716 4455 785 4503 dedit
835 4456 907 4515 εὐχὰς
925 4457 964 4502 καὶ
981 4457 1024 4503 τὰς
1039 4456 1120 4503 θυσίας
1139 4455 1178 4500 καὶ
1192 4455 1304 4512 ἐντεύξεις
1322 4453 1389 4511 ἡμῶν

232 4529 365 4591 homimum,
375 4548 390 4580 a
400 4534 518 4582 manifest
529 4535 633 4584 allusion
644 4542 671 4585 to
680 4536 757 4585 Matt.
766 4537 781 4584 i.
834 4538 871 4596 τῷ
881 4537 921 4584 ἐπὶ
933 4537 993 4584 πᾶσι
1005 4536 1064 4595 θεῷ.
