3000 4994
241 372 308 438 482
709 385 738 436 s.
765 382 914 435 mnumr

242 545 421 634 ἐπιβούλῳ·
449 545 482 613 ἐν
503 546 607 613 πᾶσιν
626 543 751 638 ἔχουσα
775 539 879 625 3μετὰ
905 540 1014 623 πάσης
1085 537 1321 635 ἀπολήψεται,
1341 542 1397 610 ούκ

243 657 480 740 ἀλλοιωθὲντα,
508 653 580 726 ouidi
605 657 731 730 πάθους
759 651 896 736 ἢνάσου
920 653 1151 739 μεταστάντα,
1179 650 1251 723 ούδέ
1277 651 1397 747 ἔνδοξα

242 770 467 866 ἀπολήψεται
484 765 530 841 τά
550 766 701 852 σιύματα,
720 775 790 837 αλλ
819 797 858 843 ως
880 798 913 837 εν
932 767 1170 865 αμαρτῆμασιν
1188 762 1206 847 ἢ
1224 768 1398 865 κατορθῶ-

241 913 344 966 μασιν
369 882 557 953 ἐτελεύτων·
584 881 638 951 xci
666 881 768 951 ὁποῖα
793 878 838 963 ἢν,
865 885 1008 950 τοιαῦτα
1033 876 1275 965 ἀναβιῶσαντα
1304 880 1399 949 ἕπευ-

243 992 409 1078 δύσονται,
438 993 492 1064 καὶ
521 995 624 1065 ὁποῖα
655 993 687 1064 ἕν
717 991 862 1085 ἀπιστίᾳ
898 992 1061 1084 γίνωνται,
1091 996 1235 1063 τοιαῦτα
1267 997 1399 1068 πιστῶς

242 1109 471 1207 κριθήσονται.

766 1403 872 1470 XIII.

324 1595 540 1696 Χριστιανῶν
572 1591 641 1695 γάρ
670 1596 921 1688 κατηχουμένιυν
953 1592 1087 1672 δούλους
1115 1593 1284 1677 ’Έλληνες
1316 1601 1399 1663 συλ-

241 1709 417 1795 λαβόντες,
438 1706 511 1779 εἶτα
530 1711 646 1791 μαθεῖν
670 1707 706 1779 τὶ
728 1704 821 1806 παρὰ
845 1707 973 1778 τούτων
992 1704 1085 1789 δῆθεν
1103 1706 1300 1806 ἀπάῤῥητον
1319 1704 1399 1804 περὶ

241 1821 458 1919 Χριστιανῶν
486 1817 738 1920 ἀναγκάζοντες,
762 1822 795 1889 oi
822 1816 933 1890 δοῦλοι
966 1820 1068 1904 ούτοι,
1092 1821 1137 1903 μὴ
1163 1822 1299 1916 ἔχοντες
1330 1826 1400 1893 πῶς

241 1931 284 2005 τῶ
319 1943 392 2008 τοῖς
433 1930 662 2033 ἀναγκάζουσι
694 1933 766 2002 καθ’
804 1927 917 2013 ἡδονὴν
954 1933 1044 2032 ἐρεῖν,
1084 1933 1239 2030 παρόσον
1283 1937 1400 2013 ἤκουον

241 2050 307 2117 τῶν
334 2043 516 2128 δεσποτῶν,
549 2045 611 2126 miv
640 2045 729 2115 Ocior
759 2043 960 2140 μετάληψιν
990 2042 1070 2130 αἷμα
1103 2044 1155 2115 καὶ
1187 2049 1284 2130 σῶμα
1318 2041 1397 2114 εἶναι

241 2307 309 2371 quoe
333 2294 403 2350 suot
426 2284 498 2368 ejus,
521 2284 625 2349 eadem
639 2286 765 2351 omnino
788 2284 937 2370 recipiet;
962 2308 1025 2351 non
1043 2287 1214 2362 demutata,
1236 2307 1338 2373 neque
1358 2286 1400 2350 ab

238 2390 402 2455 effectione
415 2398 471 2454 aut
485 2391 593 2455 morbo
608 2390 748 2470 liberata,
760 2412 862 2475 neque
872 2391 947 2456 item
957 2392 1094 2478 gloriose
1105 2392 1234 2478 recipiet
1248 2413 1397 2477 corpora3

238 2494 295 2559 sed
315 2495 361 2558 uti
384 2495 416 2558 in
444 2494 581 2580 peccetis
604 2503 660 2558 sut
677 2503 762 2559 recte
785 2493 878 2560 factis
900 2494 1057 2570 obierint;
1089 2505 1121 2560 et
1143 2496 1248 2583 qualis
1270 2494 1398 2573 fuerint,

238 2596 314 2660 talis
343 2595 376 2660 iu
405 2596 632 2661 resurrectione
662 2594 811 2660 induent:
847 2607 879 2660 et
901 2596 985 2661 sicut
1009 2597 1042 2661 in
1066 2596 1251 2662 infidelitate
1281 2597 1401 2663 fuerint

238 2699 284 2764 sic
304 2698 436 2764 fideliter
455 2697 689 2786 judicabuntur.

306 2855 413 2921 XIII.
438 2855 518 2920 (ium
529 2854 612 2919 enim
625 2853 730 2918 Graeci
740 2875 846 2918 servos
857 2855 1105 2921 Christianorum
1115 2856 1148 2920 in
1157 2855 1271 2922 divinis
1282 2866 1399 2943 myste-

238 2959 293 3024 riis
306 2959 486 3024 edoctorum
501 2957 791 3045 apprehendissent,
807 2957 917 3023 deinde
935 2959 998 3025 vim
1016 2959 1176 3038 inferrent,
1193 2968 1229 3023 ut
1251 2959 1399 3027 videlieet

238 3087 386 3131 arcanum
409 3065 567 3152 quippiam
586 3065 627 3129 ab
647 3063 697 3128 his
719 3063 758 3129 de
778 3062 964 3129 Christianis
984 3065 1150 3143 discerent,
1165 3064 1246 3131 servi
1268 3064 1399 3131 illinon

238 3168 391 3232 habentes
406 3167 561 3251 quomodo
576 3168 639 3230 vim
653 3166 858 3232 inferentibus
871 3167 912 3232 nd
927 3166 1076 3252 placitum
1091 3169 1302 3256 loquerentur,
1320 3191 1398 3254 prse-

238 3279 380 3357 terqunm
399 3271 481 3355 quod
502 3292 523 3335 a
544 3270 680 3336 dominis
699 3270 874 3350 audieruut,
896 3271 1033 3338 divinem
1055 3273 1305 3339 communionem
1328 3293 1398 3339 esse

287 3520 340 3571 Ιἐν
363 3523 438 3571 πᾶσιν
460 3524 551 3583 ἔχουσα
576 3522 608 3570 τὸ,
634 3521 708 3570 αὐτοῦ
729 3523 792 3581 μετὰ
841 3523 916 3572 modo
943 3523 1082 3587 cujusdam,
1113 3539 1170 3588 qun
1196 3523 1298 3585 excidit,
1328 3525 1396 3573 Iocus

238 3604 320 3664 πάσης
330 3605 478 3664 ταυτότητος
490 3605 655 3666 ἀπολήψεται.
842 3621 936 3654 vacuus
959 3611 1063 3670 apparet
1087 3605 1153 3654 inter
1176 3607 1241 3665 μετὰ
1263 3606 1353 3667 πάσης,
1371 3612 1396 3656 et

287 3687 325 3736 Cf.
340 3686 395 3750 Syr.
410 3685 479 3735 Fr.v.
504 3686 566 3734 Post
577 3685 630 3734 haec
639 3684 789 3734 flamm:
841 3685 1005 3748 ἀπολήψεται
1039 3686 1171 3737 enimus.

236 3769 341 3834 Aliquid
352 3769 435 3831 deent3
452 3773 478 3817 et
493 3769 621 3832 sequentia
635 3768 714 3816 instar
730 3767 791 3815 slte-
891 3767 975 3818 XIII.
1015 3768 1076 3818 ‘I'his
1098 3773 1195 3818 extruet
1220 3769 1241 3819 is
1265 3768 1346 3819 found
1371 3769 1396 3817 in

237 3852 289 3900 rius
300 3868 344 3901 seu
355 3851 458 3899 diversis
469 3850 575 3898 Insunt
593 3849 722 3899 smteutin
737 3864 791 3912 pro
842 3850 1012 3900 OEcurrrrruus
1031 3867 1099 3914 upon
1121 3851 1208 3900 rPrr.
1221 3866 1244 3899 ο.
1258 3865 1281 3913 3,
1299 3868 1326 3915 p.
1342 3852 1394 3915 τοῦ,

237 3935 305 3985 tulit.
341 3936 390 3984 Sed
411 3950 549 3998 perperam,
574 3933 613 3981 uti
631 3947 672 3980 me
694 3932 792 3980 monuit
841 3933 891 3981 und
905 3934 947 3982 the
958 3933 1039 3982 words
1051 3934 1111 3982 used
1124 3935 1222 3998 byhim
1236 3934 1354 3993 iudicate,
1369 3950 1396 3983 πε

237 4033 302 4081 crepe
320 4016 437 4066 laudatus
454 4016 487 4064 R.
506 4016 535 4064 P.
549 4016 680 4075 necuim,
698 4016 745 4064 huc
761 4015 792 4062 de
841 4013 936 4062 Gnncu
958 4014 1004 4063 has
1028 4014 1109 4079 justly
1130 4015 1258 4074 observed,
1288 4016 1345 4064 thot
1366 4016 1398 4064 he

237 4114 264 4147 rc
280 4114 325 4163 per
340 4099 437 4147 litteras
448 4097 577 4146 certiorem
592 4113 633 4145 me
648 4097 741 4145 inciens
755 4113 792 4145 se·
841 4094 900 4158 only
911 4095 1051 4143 condenced
1064 4111 1080 4143 s
1093 4095 1179 4159 longer
1195 4110 1310 4160 psesuge.
1344 4094 1397 4143 'I'he

237 4180 371 4243 quentibus
397 4178 493 4227 verbis:
527 4177 700 4226 Hmolxrus
726 4179 791 4242 frag-
841 4180 1022 4224 commentator
1043 4174 1185 4223 introduces
1203 4176 1246 4225 the
1264 4176 1396 4240 quotntIou

237 4268 349 4311 mentum
360 4262 473 4320 Insunt,
486 4259 553 4323 quod
571 4263 655 4308 exstet
668 4261 694 4308 in
706 4260 790 4308 Persi·
841 4273 869 4306 ιι
887 4256 994 4306 follows:
1010 4259 1059 4304 τῶν
1068 4256 1189 4319 Εἰρηναίῳ
1200 4259 1235 4318 τῷ
1246 4260 1396 4319 nemerim

237 4344 297 4402 ielis,
310 4345 348 4392 lit.
361 4344 394 4393 A.
408 4359 462 4406 cup.
477 4354 515 4403 71,
529 4357 659 4405 perperam
670 4342 755 4391 divisit
766 4343 792 4390 in
840 4342 884 4400 τῆς
912 4341 1033 4399 Κελτικῆς
1056 4340 1182 4400 ἐπισκόπου
1204 4341 1260 4402 περὶ
1281 4341 1397 4403 Σάγκτου

237 4424 295 4472 duo.
331 4424 400 4472 Num
415 4424 447 4473 ab
462 4424 501 4472 Iris
512 4423 601 4482 verbis,
612 4423 678 4481 ἡμεῖς
693 4425 733 4472 οὖν
751 4424 792 4472 rui
842 4423 882 4471 xci
896 4423 1026 4482 Βλανδίνης
1042 4423 1090 4469 r&
1103 4423 1231 4484 μαρτύρων
1242 4424 1394 4485 γραφέντων,

238 4505 271 4552 τὰ
281 4505 390 4563 σώματα,
402 4520 479 4568 usque
487 4504 520 4552 sd
529 4505 622 4553 πιστῶς
628 4505 789 4566 κριθήσονται,
841 4505 890 4553 end
902 4504 970 4563 addo,
983 4505 1013 4553 ὡς
1025 4505 1051 4552 δὲ
1062 4505 1101 4552 διὰ
1110 4505 1224 4566 βραχέα»
1232 4504 1394 4568 παραθέσθαι,

238 4585 326 4633 ααίοαι
351 4589 389 4633 est
415 4589 559 4634 contextus:
589 4585 657 4633 vocis
683 4590 793 4634 tontum·
842 4587 894 4634 ἔστι
905 4587 991 4647 ταῦτα,
1004 4585 1054 4634 snd
1065 4601 1088 4636 ν.
1101 4585 1189 4635 Mnus.
1203 4583 1272 4637 Dirc.
1285 4598 1318 4637 11.
1329 4597 1370 4648 so.
