3000 4994
228 327 294 393 210
497 340 715 395 sacmslma
740 339 965 393 COELESTIUM
991 338 1092 391 TYPI.

85 515 190 602 Lygpy·
227 516 285 560 nos
299 515 422 582 quoque
441 495 551 560 offerre
564 496 630 561 vult
643 516 757 559 munus
774 494 816 559 ad
834 493 932 559 altare
951 494 1126 579 frequenter
1140 492 1207 556 sine
1226 490 1376 555 intermis·
1392 507 1475 547 uas.

90 607 185 693 ⁰532}
227 598 324 664 sione.
374 597 436 664 Est
456 619 532 685 ergo
558 598 673 663 1altare
696 598 730 661 in
751 596 848 675 omlis,
870 595 942 661 illue
963 595 1046 660 enim
1075 616 1182 680 preces
1210 602 1326 658 nostrae
1347 603 1380 659 et

75 699 202 787 'lffll
228 701 399 765 oblationes
429 709 543 766 nostrae
570 700 765 787 diriguntur;
796 706 830 763 et
850 698 1010 785 templum,
1033 697 1293 785 quemadmodum
1322 695 1381 760 Jo-

64 824 215 908 ffl
228 802 346 867 hames
361 803 393 866 in
410 802 599 888 Apocalypsi
616 802 679 867 ait:
704 802 749 868 Et
763 811 902 888 opertum
917 811 960 866 ost
974 801 1115 886 templum
1131 801 1210 874 Dea·
1230 808 1262 863 et
1280 800 1382 863 taber·

66 920 215 972 Aroe-¹¹1³
228 903 387 968 naculum:
411 904 490 969 Ecce
511 904 601 984 caim,
624 903 735 990 inquit,
754 903 984 969 talernaculum
1002 903 1076 982 Dei,
1098 903 1133 967 iu
1153 923 1210 988 quo
1231 900 1383 967 habitabit
1442 966 1456 995 ³

230 1028 298 1071 cum
311 1006 487 1072 lominica.

658 1210 760 1277 OAP.
783 1209 946 1275 XXXII.

443 1362 608 1454 Qunam
633 1376 761 1462 typum
785 1361 988 1462 campiolat
1004 1363 1175 1462 populus.
1210 1400 1214 1419 ν

298 1530 454 1596 Mauras
485 1538 591 1595 antem
616 1536 650 1594 et
679 1529 852 1595 oblationes
876 1536 909 1594 et
934 1528 1087 1595 sacrificia
1116 1528 1221 1593 omnia
1246 1529 1279 1593 in
1308 1537 1384 1617 typo
1396 1555 1421 1594 a.
1430 1556 1473 1595 aa.

68 1635 135 1723 51⁰⁶·
143 1642 194 1674 ω·
232 1632 364 1720 populus
384 1634 516 1720 accepit,
540 1632 800 1718 quemadmodum
822 1638 983 1698 ostensum
1003 1640 1052 1697 est
1076 1630 1182 1717 Moysi
1205 1630 1255 1695 ²in
1276 1641 1384 1697 monte

232 1738 273 1801 ab
298 1757 362 1800 uno
388 1743 421 1801 et
444 1737 555 1802 eodem
586 1736 666 1813 Deo,
696 1735 786 1822 cujus
804 1745 838 1800 et
857 1757 939 1801 nunc
960 1736 994 1800 in
1023 1734 1166 1800 Ecclesia
1193 1736 1385 1823 glorificatur

233 1859 347 1902 nomen
373 1837 406 1900 in
435 1838 581 1903 omnibus
606 1838 763 1925 gentibus.
801 1837 865 1902 Sed
893 1846 1017 1903 terrena
1045 1838 1180 1925 quidem,
1211 1860 1280 1923 quae
1310 1847 1386 1902 sunt

233 1962 308 2027 erga
322 1961 380 2004 uos
394 1939 554 2024 disposita,
573 1939 717 2026 congruit
736 1947 827 2027 typos
846 1962 915 2005 esse
930 1963 1036 2006 eorum
1054 1962 1124 2028 quae
1141 1949 1216 2005 sunt
1235 1941 1384 2020 coelestia,

235 2044 275 2108 ab
297 2042 406 2107 eodem
424 2049 529 2106 tamen
547 2041 617 2107 Deo
637 2042 731 2108 iacta.
776 2042 844 2107 Nec
862 2044 945 2107 enim
963 2043 1054 2108 aliter
1074 2052 1197 2129 poterat
1214 2044 1386 2109 assimilare

235 2144 422 2230 spiritalium
443 2142 643 2231 ⁸imaginem.
688 2145 766 2226 Quae
787 2153 893 2209 antem
916 2145 1158 2229 supercoelestia,
1180 2152 1213 2210 et
1234 2145 1387 2231 spiritalia

235 2257 320 2325 sunt,
330 2256 362 2313 et
378 2253 529 2332 quantum
540 2248 581 2312 ad
595 2269 654 2312 nos
667 2252 818 2332 ³spectat,
829 2248 994 2314 invisibilia
1008 2258 1041 2314 et
1056 2249 1282 2326 inenarrabilia,
1295 2258 1387 2334 typos

234 2372 340 2416 rursus
353 2350 520 2415 alterorum
534 2350 708 2416 coelestium
721 2351 833 2428 dicere,
849 2360 882 2416 et
890 2351 1017 2416 alterius
1032 2352 1219 2439 pleromatis,
1235 2360 1267 2416 et
1282 2351 1387 2417 Deum

234 2453 362 2518 alterius
388 2454 485 2540 patris
507 2452 675 2540 imaginem
705 2476 784 2532 esse,
811 2463 844 2520 et
872 2456 1042 2519 errantium
1068 2464 1117 2521 est
1142 2477 1162 2519 a
1188 2454 1327 2532 veritate,
1354 2464 1388 2522 et

236 2557 432 2622 ⁴omnimodo
446 2557 614 2622 stultorum
628 2565 661 2622 et
675 2557 832 2622 hebetum.
860 2557 1019 2645 (logentur
1032 2560 1115 2623 enim
1129 2559 1161 2622 hi
1177 2558 1264 2636 tales,
1281 2580 1388 2646 quem·

236 2659 403 2724 admodum
432 2681 644 2746 saepenumero
672 2660 875 2738 ostendimus,
905 2683 1027 2746 semper
1055 2670 1146 2747 typos
1174 2670 1328 2748 typorum,
1356 2670 1390 2727 et

236 2762 388 2848 imagines
404 2761 576 2848 imaginum
595 2760 782 2840 adinvenire,
798 2771 831 2827 et
851 2785 1008 2850 nunquam
1025 2764 1120 2852 figere
1140 2764 1277 2829 animum
1297 2787 1390 2829 suum

237 2864 270 2928 in
284 2886 347 2929 uuo
364 2871 415 2929 let
430 2887 503 2930 vero
519 2864 599 2929 Deo.
647 2865 748 2950 Supra
761 2865 845 2930 enim
860 2865 964 2930 Deum
982 2868 1072 2933 sactae
1091 2876 1165 2932 sunt
1182 2867 1390 2955 cogitationes

237 2968 384 3055 ipsorum,
399 2967 593 3054 supergressi
611 2969 755 3035 cordibus
772 2969 838 3034 suis
860 2969 963 3056 ipsum
983 2972 1177 3058 magistrum,
1196 2971 1390 3056 ⁰suspicione

237 3070 362 3156 quidem
387 3069 553 3154 superelati
582 3077 615 3135 et
640 3072 842 3158 supergressi,
868 3073 998 3138 veritate
1022 3083 1128 3139 autem
1150 3074 1342 3139 declinantes
1370 3094 1391 3137 a

236 3192 309 3237 vero
331 3171 413 3238 Deo.

286 3375 296 3407 ¹
313 3376 398 3427 altare.
428 3377 481 3427 'I'he
497 3377 556 3442 only
570 3377 641 3437 altar,
664 3376 693 3425 of
707 3376 789 3425 which
838 3379 867 3427 of
880 3395 896 3427 a
910 3379 1023 3428 material
1038 3379 1116 3439 ultan
1133 3380 1180 3428 but
1190 3379 1216 3427 iu
1227 3394 1296 3428 more
1306 3377 1391 3440 primi·

237 3458 363 3508 husus
375 3460 432 3508 here
443 3461 540 3524 speaks,
553 3461 574 3509 is
586 3459 614 3508 oi
627 3476 643 3508 a
658 3459 787 3523 heavenly,
837 3459 890 3508 tire
900 3460 973 3509 times
984 3461 1027 3508 the
1038 3460 1102 3509 altar
1113 3477 1163 3509 was
1174 3476 1225 3510 orte.
1248 3458 1342 3508 Isaac.
1356 3456 1392 3506 ad

236 3541 327 3589 notos
346 3556 379 3589 an
401 3541 498 3605 earthly
519 3546 662 3601 structum
684 3541 715 3588 he
731 3556 789 3604 says
837 3537 906 3587 Phil.
921 3555 945 3598 4,
964 3537 1037 3586 Vina.
1058 3538 1126 3588 caua.
1145 3551 1186 3587 111.
1201 3539 1256 3599 485,
1271 3536 1322 3584 and
1339 3552 1390 3584 was

236 3624 343 3687 nothing
359 3624 387 3673 of
400 3641 451 3689 any
466 3625 544 3674 loeta
562 3624 653 3672 offered
670 3639 738 3687 upon
757 3624 786 3683 it,
837 3618 983 3668 thereforea
994 3619 1107 3683 spiritual
1114 3619 1390 3684 andheavenlyimage.

236 3703 283 3753 but
293 3705 350 3753 that
360 3720 407 3753 our
417 3721 518 3769 prayera
533 3705 593 3768 only
604 3704 654 3753 and
665 3705 789 3753 oblatione
887 3697 965 3749 ’Aa
984 3701 1042 3748 here
1061 3700 1150 3749 inserts
1167 3700 1245 3763 syna,
1267 3700 1331 3748 from
1347 3699 1392 3748 the

143 3848 146 3854 ἱ
236 3788 357 3837 arethere
368 3789 499 3853 presented
509 3788 591 3836 before
602 3787 667 3837 God.
693 3787 788 3836 Graan
837 3782 944 3846 margin.

236 3876 324 3933 quotes
335 3870 420 3919 Galle.
434 3870 502 3919 Nau.
519 3869 559 3919 Or.
576 3880 642 3918 ηπ.
656 3867 686 3915 iu
697 3867 786 3917 Pescla
887 3863 898 3896 ³
913 3865 965 3914 Aa.
978 3864 1128 3926 insagiaum.
1139 3901 1145 3914 .
1156 3871 1292 3926 amputat.

237 3952 352 4008 θύσωμεν
364 3953 400 4011 τῷ
416 3953 470 4011 θεῷ
486 3952 569 4000 θυσίαν
584 3952 694 4000 αἰνέσεως
705 3950 746 3998 ἐπὶ
761 3949 790 3996 τὸ
886 3945 897 3976 ⁴
914 3946 1390 4008 OL.‚Voss.,V1tu.,As.,Maso,11.,

238 4030 287 4078 dra
298 4034 473 4094 θυσιαστήριον,
486 4034 550 4091 μετὰ
560 4034 603 4092 rip
615 4032 664 4080 duo
675 4047 789 4092 χαριστα·
839 4027 872 4077 al.
885 4026 990 4077 omuino.

236 4115 298 4164 σὶας.
344 4114 372 4163 It
393 4120 485 4164 cannot
506 4115 537 4163 be
559 4114 647 4163 denied
669 4115 726 4163 that
747 4114 790 4163 the
888 4108 900 4140 ⁶
917 4107 960 4157 01„
973 4108 1048 4158 omits
1059 4115 1087 4158 et.

238 4195 351 4257 Fathers,
365 4196 462 4260 though
472 4200 518 4245 not
533 4196 577 4245 the
593 4195 698 4257 earliest,
714 4195 790 4260 spealr
889 4189 900 4223 ⁸
916 4189 1056 4254 mopicioua
1071 4190 1199 4253 ὑπολήψει.
