3000 4994
511 342 552 394 IN
578 342 707 395 alama
731 342 900 397 SOLUTIO.
1220 327 1283 393 125

77 502 82 517 “
129 498 267 584 plentem
288 507 431 585 tempora
452 501 521 587 ejus
542 499 822 577 condemnationis,
844 500 1013 587 quassata
1034 500 1136 565 luerat
1157 508 1285 588 propter
1320 518 1422 606 {ffl-

129 599 383 678 inobedientiam,
392 623 460 687 qaoe
468 602 570 666 Pater
578 602 685 686 posuit
697 601 732 664 ia
742 623 799 666 aaa
805 610 966 688 potestate:
983 601 1130 689 quoniam
1141 610 1174 665 et
1182 603 1283 667 omnis
1319 612 1417 697 ⁰323}

128 702 293 788 dispositio
319 704 441 780 salutis,
465 725 536 789 quae
557 704 641 769 circa
663 702 822 768 hominem
845 703 915 779 luit,
941 704 1113 769 secundum
1135 704 1284 790 placitum
1308 704 1437 790 “gffil

128 805 224 870 fiebat
240 807 355 884 Patris,
368 806 414 870 uti
430 829 492 872 non
507 807 681 871 vinceretur
697 806 794 883 Deus,
808 827 908 893 neque
920 806 1126 871 infirmaretur
1139 828 1191 872 ars
1205 807 1283 893 ejus.

130 908 165 972 Si
189 910 273 973 enirn
297 909 350 996 qui
374 909 476 974 laetus
498 909 601 973 suerat
624 929 644 972 a
664 908 734 972 Deo
749 908 843 973 homo
864 916 900 972 ut
914 908 1040 986 viveret,
1061 909 1113 973 hic
1135 909 1285 975 amittens

129 1013 226 1077 vitam
247 1013 340 1077 laesus
356 1018 393 1078 la
406 1023 550 1098 serpente
564 1012 617 1099 qui
633 1012 853 1098 depravaverat
872 1033 955 1088 eum,
976 1014 1044 1099 jam
1065 1034 1127 1076 non
1151 1021 1285 1077 reverte·

129 1124 215 1181 retur
236 1118 278 1182 ad
297 1117 404 1195 vitam,
421 1118 477 1182 sed
501 1117 534 1180 iu
553 1124 654 1181 totum
676 1117 834 1202 projeetus
853 1124 937 1181 esset
954 1116 1058 1194 morti,
1078 1116 1180 1181 victus
1201 1126 1286 1182 esset

130 1217 229 1296 Deus,
256 1228 290 1284 et
318 1227 496 1304 superasset
521 1217 676 1302 serpentis
705 1217 846 1304 nequitia
874 1217 1066 1282 voluntatem
1101 1217 1175 1282 Dei.
1220 1217 1285 1284 Sed

129 1322 277 1408 quoniam
292 1322 380 1386 Deus
396 1321 529 1385 invictus
548 1329 581 1385 et
604 1319 813 1406 magnanimis
832 1326 891 1395 est,
906 1320 1136 1406 magnanimem
1157 1320 1284 1407 quidam

128 1446 163 1490 se
192 1425 334 1489 exhibuit
360 1425 401 1489 ad
427 1423 653 1509 correptionem
678 1423 814 1488 hominis
842 1430 875 1488 et
897 1422 1111 1508 probationem
1133 1421 1281 1501 omnium,

129 1528 388 1615 quemadmodum
402 1527 623 1614 praediximus3
646 1547 703 1613 per
723 1527 895 1591 secundum
913 1534 1019 1591 autem
1038 1525 1195 1591 hominem
1215 1525 1282 1590 alli-
1296 1544 1356 1585 κιαι
1369 1545 1447 1587 uam

127 1631 214 1718 gavit
229 1631 352 1709 sortem,
368 1639 401 1696 et
416 1630 544 1717 diripuit
558 1631 626 1715 ejus
640 1650 725 1704 vasa,
741 1637 774 1693 et
793 1629 955 1695 evacuavit
976 1632 1109 1694 mortain
1123 1629 1284 1695 vivificans

128 1756 200 1799 eum
219 1734 378 1799 hominem
398 1733 450 1820 qui
473 1733 576 1797 fuerat
595 1732 812 1797 mortificatus.
859 1732 1002 1797 Primum
1017 1732 1100 1797 enim
1115 1733 1284 1818 possessio·

127 1835 178 1900 nis
196 1837 264 1922 ejus
277 1858 331 1900 vas
347 1836 452 1899 Adam
466 1835 569 1899 lactus
583 1842 643 1910 est,
658 1856 752 1919 quem
772 1842 806 1900 et
826 1836 954 1900 tenebat
968 1836 1027 1899 sub
1041 1857 1100 1900 sua
1116 1844 1283 1921 potestate,

127 1937 188 2004 hoc
201 1945 259 2015 est,
275 1937 561 2024 praevaricationem
586 1936 692 2023 inique
717 1936 853 2001 infereus
876 1936 915 2012 ci,
938 1945 971 2002 et
993 1960 1049 2023 per
1067 1937 1284 2003 ²occasionem

128 2041 373 2106 immortalitatis
398 2039 669 2105 mortificationem
691 2040 808 2105 iaciens
829 2040 862 2104 iu
882 2028 963 2105 eum.
1008 2041 1136 2105 Etenim
1155 2041 1283 2127 promit-
1296 2068 1415 2109 carina

128 2156 199 2210 tens
212 2147 333 2211 futuros
353 2167 408 2210 eos
427 2153 577 2229 tauquam
593 2144 678 2222 deos,
694 2145 777 2230 quod
791 2144 819 2208 ei
834 2166 896 2209 non
916 2152 965 2210 est
985 2145 1111 2210 omnino
1125 2145 1282 2230 possibile,

128 2254 260 2312 mortem
275 2248 350 2313 lecit
364 2248 397 2312 in
412 2247 477 2312 eis:
498 2247 629 2312 undeet
639 2248 725 2332 juste
740 2270 760 2311 a
775 2247 845 2312 Deo
860 2248 1100 2333 ³recaptivatus,
1115 2248 1168 2333 qui
1183 2247 1282 2313 homi·
1368 2286 1369 2290 =

23 2337 30 2345 ’
128 2374 201 2415 nem
226 2352 382 2436 captivum
406 2351 559 2424 duxerat;
584 2350 704 2414 solutus
727 2359 776 2414 est
795 2359 902 2416 autem
925 2350 1193 2416 condemnationis
1217 2350 1283 2416 vin-

129 2458 216 2536 culis,
233 2458 284 2544 qui
302 2458 442 2543 captivus
457 2457 572 2523 ductus
585 2457 687 2521 luerat
701 2457 806 2523 homo.

1297 860 1344 898 Act.
1354 860 1368 900 l.
1374 862 1392 905 7.

548 2727 648 2793 cAP.
672 2727 855 2793 XXXIII.

186 2879 347 2956 Osteasio
365 2881 538 2980 quoniam
555 2881 684 2956 Adana
694 2881 808 2982 prior
823 2883 987 2958 saluatur
1003 2910 1029 2959 a
1045 2883 1216 2959 Domina.

130 3052 158 3112 1.
197 3049 230 3112 H
235 3072 265 3112 rc
288 3057 337 3113 est
357 3057 463 3113 autem
488 3049 603 3127 Adam,
626 3049 652 3113 si
674 3056 796 3135 oportet
815 3073 921 3115 verurn
944 3051 1055 3129 dicere,
1080 3052 1279 3137 primiformis
1290 3056 1354 3146 iia*
1365 3059 1405 3103 111·

127 3150 177 3216 ille
202 3151 306 3229 homo,
336 3151 376 3215 de
404 3172 465 3238 quo
495 3151 656 3236 Scriptura
681 3152 727 3216 ait
750 3153 866 3218 dixisse
890 3154 1079 3219 Dominum:
1109 3156 1279 3221 Faciamus
1293 3167 1410 3208 fleam

126 3256 269 3319 horrebam
285 3255 331 3318 ad
343 3255 506 3340 iraapiaom
521 3264 548 3319 et
561 3255 795 3325 airrailitadiaan
806 3265 956 3328 nostratia·
979 3280 1037 3323 nos
1051 3268 1157 3324 autem
1172 3282 1280 3325 omnes

126 3379 167 3421 ex
192 3356 277 3441 ipso:
309 3363 342 3420 et
368 3356 514 3441 quoniam
543 3377 651 3419 sumus
676 3377 716 3421 ex
740 3356 819 3441 ipso,
847 3367 1011 3444 propterea
1033 3383 1155 3447 quoque
1182 3362 1280 3447 ipsius

125 3458 377 3523 haereditavimus
398 3458 646 3545 appellationem.
693 3459 773 3525 Cum
795 3470 899 3524 autem
914 3461 1048 3526 salvetur
1066 3464 1170 3543 homo,
1191 3487 1281 3550 opor·

125 3570 172 3627 tet
196 3561 307 3626 salvari
334 3582 406 3625 eum
430 3561 483 3646 qui
509 3561 592 3647 prior
614 3562 766 3627 loricatus
788 3572 838 3627 est
859 3563 963 3629 horno.
1009 3565 1163 3647 Quoniam
1188 3567 1281 3633 nimis

126 3665 335 3729 irrationabile
352 3671 411 3741 est,
435 3663 521 3727 illurn
541 3664 677 3751 quidem,
701 3663 754 3749 qui
777 3664 974 3730 vehementer
987 3668 1028 3732 ab
1043 3669 1169 3734 inimico
1187 3669 1281 3737 laesus

125 3776 202 3846 ⁴est,
217 3777 249 3834 et
264 3768 347 3854 prior
366 3768 577 3854 captivitatem
598 3790 708 3853 passus
728 3776 787 3844 est,
811 3769 912 3834 dicere
928 3791 989 3833 non
1012 3772 1088 3858 eripi
1109 3773 1149 3837 ab
1171 3794 1209 3837 eo
1226 3774 1281 3860 qui

125 3872 234 3938 vicerit
258 3870 427 3947 inimicum,
446 3879 570 3956 ereptos
590 3892 662 3935 vero
684 3870 765 3934 lilios
780 3870 857 3954 ejus,
874 3894 952 3955 quos
970 3871 1002 3934 in
1023 3873 1132 3937 eadem
1150 3874 1280 3959 captivi-

124 3984 191 4041 tate
204 3972 374 4062 generavit.
418 3972 487 4038 Nec
501 3972 601 4039 victus
616 3972 741 4058 quidem
755 3972 858 4037 adhue
877 3979 890 4015 ⁶
898 3973 1019 4059 parebit
1033 3973 1186 4054 inimicus,
1202 3976 1279 4062 ipsIs

173 4172 183 4204 1
201 4172 299 4231 Mssa,
313 4170 354 4219 Su.
367 4169 531 4234 accidentally
542 4171 604 4220 omit
615 4186 638 4218 a.
727 4168 787 4217 rraal
805 4170 838 4233 by
856 4168 898 4218 the
919 4168 1032 4232 Apostle,
1057 4184 1086 4217 or
1108 4171 1228 4231 προφάσει
1249 4187 1278 4221 us

172 4255 184 4286 ¹
196 4271 243 4317 prr
259 4252 412 4311 occaea'onma,
438 4251 533 4300 Gnaux
550 4251 674 4299 considers
726 4252 856 4314 expressad
872 4251 906 4315 by
921 4251 964 4299 the
979 4256 1081 4300 context
1095 4252 1121 4300 in
1136 4252 1274 4317 tbisplace,

121 4332 405 4387 tobethetrauslatiou
421 4332 449 4381 ol
464 4333 592 4395 προφάσει.
622 4332 674 4381 But
727 4333 776 4380 and
787 4333 839 4381 also
850 4333 875 4380 in
888 4333 931 4381 the
942 4333 1086 4397 opcnIngof
1094 4350 1114 4382 c.
1128 4346 1210 4385 xxxv.

122 4414 422 4483 1011Ρ1111110111·111·11ν
441 4429 477 4475 13·
506 4414 674 4463 Τ11111111111111
775 4429 786 4461 1
802 4431 969 4492 recaptivabis,
984 4433 1162 4482 dvabovllmdclr.

123 4514 217 4577 Syriae,
232 4513 276 4561 tho
293 4510 361 4558 word
376 4476 475 4568 iffi&
497 4508 579 4558 would
596 4524 674 4557 corre·
774 4510 785 4541 ⁴
801 4519 841 4571 eet,
854 4512 941 4571 nISS,
956 4513 1002 4562 but
1014 4513 1108 4562 (ἔκηε
1119 4521 1178 4565 erat

122 4596 202 4660 spond
213 4594 292 4644 either
304 4592 365 4641 with
380 4592 423 4641 tho
436 4591 503 4639 word
515 4592 631 4653 ἀφορμὴν,
644 4608 673 4639 aa
775 4592 785 4623 ’1
802 4594 818 4643 i.
826 4610 846 4642 c.
859 4593 993 4657 apparebit.
