3000 4994
292 334 359 401 414
683 347 813 403 seusu
838 346 1060 402 ruourssuu

154 522 247 609 crnlv
292 502 436 590 promisit
459 503 611 591 patribus,
626 511 660 570 et
683 526 813 592 regnare
836 503 869 569 in
895 526 949 569 es:
973 510 1044 590 post
1065 501 1176 567 deinde
1199 498 1266 565 fieri
1283 496 1450 585 judicium.

127 571 226 702 (ὃῇΞέ
226 616 279 702 pfl
295 606 335 671 In
356 629 419 695 qus
438 608 523 673 enim
543 607 720 674 conditione
741 608 968 685 laboraverunt,
985 606 1066 672 ¹sive
1079 605 1187 670 afflicti
1202 612 1288 682 suut,
1303 600 1450 668 omuibus

155 709 250 749 ΨΜ
293 710 394 776 modis
420 710 542 796 probsti
565 733 621 798 per
643 711 864 788 sufferentium,
876 712 997 797 justum
1020 717 1070 775 est
1093 709 1216 794 inipso
1237 706 1376 791 recipere
1395 725 1451 769 eos

293 813 414 878 fructus
428 813 636 879 sufferentiae:
660 822 693 879 et
708 836 770 899 qus
783 814 962 880 conditione
982 812 1137 878 interfecti
1151 819 1225 876 sunt
1240 815 1370 896 pro'pter
1388 806 1450 874 Dei

293 916 500 994 dilectionem,
516 916 550 979 in
576 916 644 1002 ipso
669 915 837 983 vivificari:
861 925 894 982 et
920 917 953 982 iu
976 938 1038 1003 qus
1063 915 1242 981 conditione
1264 912 1450 978 servitutem

293 1019 516 1097 sustinuerunt,
532 1019 649 1106 inipso
667 1042 796 1108 regnare
811 1043 876 1087 eos.
922 1021 1020 1086 Dives
1034 1021 1117 1085 enim
1138 1020 1171 1083 in
1186 1018 1333 1084 omnibus
1349 1016 1448 1094 Deus,

293 1130 326 1189 et
347 1123 453 1188 omnis
474 1132 547 1188 suut
569 1125 646 1210 ejus.
684 1124 817 1211 Oportet
837 1146 912 1211 ergo
927 1132 960 1189 et
980 1124 1080 1209 ipsam
1102 1122 1313 1188 conditionem
1335 1119 1450 1184 reinte-

293 1235 417 1313 grstsm
439 1226 479 1292 ad
502 1226 678 1313 pristinum,
704 1226 789 1293 mine
820 1227 1029 1314 prohibitione
1052 1227 1167 1292 servire
1185 1225 1300 1310 justis:
1335 1232 1369 1288 et
1389 1223 1449 1287 hoc

295 1328 467 1414 Apostolus
481 1329 555 1394 lecit
569 1330 770 1396 manifestum
784 1330 816 1395 in
831 1352 869 1395 es
884 1352 954 1417 quae
968 1337 1016 1396 est
1029 1331 1069 1394 sd
1083 1331 1251 1405 Romanos,
1261 1328 1307 1392 sic
1319 1327 1448 1391 diceus:

130 1434 245 1528 {ffijgll-
293 1431 382 1494 Nam
403 1432 581 1517 easpectatio
609 1441 762 1497 creatorae
793 1432 1006 1498 reoehtiamm
1025 1432 1166 1514 filiarum
1195 1430 1260 1494 Dei
1287 1437 1450 1515 conportet.

302 1533 444 1598 Vanitati
454 1534 533 1598 caim
547 1543 691 1599 meatum
705 1532 837 1618 sabjecta
852 1544 902 1614 eet,
916 1557 976 1600 nan
990 1535 1100 1612 volem,
1112 1533 1381 1620 improperem
1395 1529 1451 1616 qni

293 1634 419 1720 subjecit
435 1636 469 1699 in
485 1658 555 1721 spe:
579 1637 724 1722 qnoniam
746 1645 774 1700 et
797 1637 866 1723 ipsa
888 1647 1032 1703 creatora
1056 1634 1278 1701 liberabitura
1304 1633 1451 1699 ceromate

294 1739 484 1824 corruptela,
500 1739 536 1802 in
558 1738 726 1803 libertatem
744 1739 853 1826 alonia
867 1741 1009 1822 filiarum
1026 1739 1102 1806 Dei.

360 1862 391 1924 2.
433 1859 486 1925 Sic
500 1881 575 1945 ergo
591 1867 624 1924 et
638 1860 803 1946 promissio
827 1861 899 1938 Dei,
916 1883 1010 1946 qusm
1032 1858 1176 1946 promisit
1192 1856 1342 1935 Abrshae,
1358 1856 1451 1921 lirms

128 1974 181 2060 ,⁰52
191 1974 234 2014 ¹³³¹·
244 1976 273 2022 ¹⁴·
294 1970 481 2045 perseveret.
526 1962 618 2026 Dixit
632 1962 735 2027 enim:
762 1964 892 2049 Respice
904 1987 1025 2028 sarsum
1039 1963 1143 2040 malie,
1159 1972 1186 2027 et
1201 1961 1271 2026 oide
1284 1983 1306 2024 a
1321 1960 1384 2024 loco
1397 1960 1450 2025 leae

293 2063 346 2129 ott
360 2086 442 2130 nnnc
456 2075 489 2129 tn
510 2087 548 2143 es,
565 2067 611 2130 ad
623 2066 817 2152 Aquilonem,
840 2077 868 2132 et
882 2069 1039 2153 Africum,
1056 2078 1084 2133 et
1111 2067 1273 2142 Orientem,
1300 2073 1328 2130 et
1341 2064 1448 2138 Mare,

293 2169 436 2253 qnoniam
462 2190 576 2234 amnem
601 2180 727 2248 terram,
743 2193 834 2256 qnam
857 2181 891 2236 ta
918 2172 1012 2248 eides,
1035 2171 1091 2235 tibi
1116 2169 1193 2234 dabo
1215 2178 1243 2233 et
1266 2168 1376 2232 semini
1399 2176 1450 2231 too

128 2293 232 2334 oesxm
243 2294 271 2338 ιι.
293 2292 384 2357 resque
398 2271 432 2335 in
445 2271 671 2356 sempiternam.
716 2271 761 2336 Et
782 2272 895 2337 iterum
914 2273 977 2338 uit:
1001 2274 1136 2359 Serpens
1157 2269 1315 2357 inpredere
1331 2278 1450 2333 terram

293 2374 328 2436 in
351 2373 568 2458 hnaitndinem
583 2375 662 2493 .st
685 2384 713 2439 et
738 2376 773 2439 in
796 2375 1001 2452 hrtitndimm
1016 2375 1162 2462 quoniam
1181 2373 1238 2439 tibi
1260 2372 1338 2438 dota
1360 2394 1447 2437 eam:

128 2505 175 2544 se.
186 2504 247 2542 ιιι
293 2484 326 2542 et
348 2497 412 2541 non
436 2477 590 2562 accepit
581 2500 613 2542 m
638 2477 692 2542 ills
728 2479 956 2557 hoereditatem,
983 2500 1041 2543 nec
1075 2478 1243 2566 vestigium
1267 2476 1367 2562 pedis,
1392 2475 1449 2540 sed

128 2551 181 2590 Hb
191 2552 260 2590 '¹⁵¹³'
292 2602 415 2666 semper
428 2580 608 2668 peregrinus
630 2589 663 2646 et
681 2581 828 2646 sdveus
820 2603 851 2645 ιιι
868 2603 906 2647 es
925 2581 993 2646 luit
1041 2581 1086 2645 Et
1107 2580 1231 2666 quondo
1253 2588 1379 2644 mortue
1399 2586 1449 2644 est

127 2708 202 2748 σω.
204 2708 248 2747 xm
295 2684 375 2748 Sors
397 2705 477 2748 uxor
505 2683 584 2769 ejus,
608 2683 783 2749 volentibus
813 2683 936 2749 Ethaeis
960 2684 1099 2772 gratuito
1124 2685 1226 2749 locum
1250 2684 1325 2747 dsre
1347 2683 1390 2760 ei,
1413 2691 1449 2747 ut

129 2756 201 2804 Μ
293 2785 437 2873 sepeliret
456 2808 536 2864 earu,
558 2785 658 2851 noluit
681 2786 832 2873 occipere,
852 2787 908 2852 sed
926 2786 1004 2852 emit
1027 2795 1272 2864 monumentum,
1288 2785 1449 2872 ³qusdrin·
1463 2815 1490 2855 ιι

292 2897 405 2975 gentas
419 2889 498 2955 deus
512 2889 711 2955 didrachmas
724 2890 858 2977 argenti,
874 2891 914 2955 sb
931 2890 1041 2956 Ellion
1057 2892 1121 2956 filio
1138 2891 1216 2955 Seor
1240 2889 1366 2968 Ethaeo,
1381 2910 1448 2954 sus·
1462 2920 1485 2960 o.

293 2992 398 3057 tineus
412 2992 651 3078 promissionem
667 2993 739 3072 Dei,
755 3002 788 3058 et
802 2992 911 3058 nolens
925 2993 1022 3059 videri
1043 2995 1184 3081 occipere
1204 2995 1244 3058 sb
1259 2992 1449 3072 homiuibus,

129 3120 263 3161 oensem
294 3097 377 3180 quod
392 3095 420 3160 ei
438 3096 622 3182 promiserat
647 3097 722 3162 dore
742 3097 841 3175 Deus,
862 3097 969 3163 dicens
986 3098 1016 3163 ei
1035 3098 1148 3163 iterum
1169 3098 1233 3163 sio:
1257 3098 1379 3161 Semini
1400 3107 1451 3161 tuo

294 3199 371 3263 dabo
395 3208 512 3264 terram
533 3200 621 3279 lona,
637 3224 658 3264 a
672 3201 805 3283 flumine
822 3203 968 3289 AEyypti,
990 3225 1083 3290 usqae
1104 3203 1150 3267 ad
1163 3204 1281 3286 flueren
1306 3224 1451 3288 mapsam

293 3301 496 3387 Euphratem.
542 3303 576 3367 Si
591 3324 667 3390 ergo
681 3303 753 3368 huic
767 3304 911 3388 promisit
929 3305 1018 3369 Deus
1037 3305 1253 3370 hoereditatem
1268 3312 1371 3381 terrae,
1387 3324 1450 3368 nou

293 3405 415 3489 occepit
437 3412 544 3470 sutem
563 3405 596 3468 in
618 3405 703 3470 omni
724 3427 782 3471 suo
805 3406 952 3485 incolatu,
977 3415 1100 3493 oportet
1122 3429 1194 3473 eum
1215 3406 1357 3491 accipere
1378 3428 1449 3471 cum

293 3507 412 3574 semiue
433 3529 500 3586 suo,
516 3508 575 3573 hoc
595 3516 653 3586 est,
669 3509 721 3595 qui
741 3509 855 3575 timent
875 3510 979 3576 Deum
998 3520 1030 3576 et
1051 3511 1181 3577 credunt
1200 3510 1233 3574 iu
1254 3531 1337 3587 eum,
1354 3508 1387 3573 in
1401 3531 1449 3574 re·

293 3609 483 3676 surrectione
494 3610 660 3696 justorum.
706 3609 820 3676 Semen
834 3619 940 3678 sutem
951 3615 1019 3699 ejus
1031 3611 1174 3678 Ecclesia
1188 3634 1243 3697 per
1256 3610 1450 3675 ⁴Dominum

293 3712 493 3798 adoptionem
515 3735 585 3800 quse
605 3721 654 3779 est
675 3714 716 3779 sd
735 3714 838 3780 Deum
860 3714 1025 3800 accipiens,
1043 3716 1125 3781 sicut
1143 3714 1266 3780 dicebat
1285 3712 1310 3777 J
1312 3713 1450 3778 ohannes

148 3860 179 3889 ,η
212 3877 217 3888 ,
296 3816 459 3903 Baptista:
487 3815 636 3896 Quoniam
655 3825 763 3902 potens
786 3825 828 3882 ert
850 3816 937 3883 Deos
962 3818 1000 3883 de
1025 3817 1183 3904 tepiditas
1204 3817 1351 3882 suscitare
1364 3815 1451 3898 filias

343 4054 352 4086 ¹
369 4054 417 4104 rive
432 4053 516 4117 afflicti
529 4061 593 4115 nm,
611 4068 626 4102 s
642 4053 765 4118 marginal
781 4053 847 4117 gloss
896 4054 996 4115 Ammor,
1020 4056 1167 4118 τετρακόσια
1184 4058 1305 4117 δίδραχμα
1328 4055 1449 4117 hampton

294 4153 362 4202 upon
373 4137 550 4197 loboravemnt,
565 4138 703 4186 ἐκοπιῶντο.
897 4135 1090 4200 quadringentos
1107 4135 1263 4184 didrachmas
1279 4136 1386 4198 argenti,
1405 4136 1450 4186 loc.

342 4218 422 4268 'sine
431 4217 599 4281 prohibitione,
613 4220 748 4268 ἀκωλύτως.
897 4217 1018 4268 Fuossn.

290 4320 291 4324 ¹
342 4300 723 4365 3Ιᾶιιιιιιιιειιίιιιιι(ιιιιιιίιιιςίιιιιι
737 4299 846 4364 etquod-
945 4297 1068 4347 ‘Gsusu
1086 4297 1197 4359 Domini,
1215 4300 1262 4348 but
1274 4297 1401 4348 corrected
1417 4299 1452 4364 by

293 4384 420 4446 ringentes
448 4383 604 4446 repoenimm.
651 4383 756 4446 vomam
782 4382 847 4431 enirn
896 4377 992 4438 Muss,
1012 4379 1056 4428 the
1071 4380 1153 4430 Voss.
1171 4380 1270 4443 hsvlng,
1289 4396 1317 4429 ss
1334 4381 1454 4429 Suum

293 4464 367 4513 editio
377 4464 470 4514 Latina
480 4465 555 4525 tcta,
569 4464 764 4529 qusdriugentus
774 4464 847 4513 siclos
896 4478 961 4527 says,
985 4451 1042 4524 Dm,
1074 4462 1155 4511 which
1182 4463 1297 4511 however
1325 4477 1455 4526 expresses

294 4547 398 4610 argenti.
432 4547 463 4595 m
480 4547 645 4610 Scptnaqinta,
666 4562 724 4609 quos
740 4546 847 4610 monitor
897 4545 985 4595 Deum.
