3000 4994
250 312 317 380 496
719 336 748 390 s.
776 336 924 390 mummi

251 493 490 592 πρεσβύτερος,
503 494 557 565 καί
577 498 617 571 ὡς
637 495 875 596 ἀρχιερωσύνης
895 490 1076 588 ἠξιωμένος.
1107 491 1205 593 Πρδς
1222 490 1260 563 δὲ
1277 494 1410 571 τούτοις

252 604 322 675 ε’πεί
342 602 532 706 ἆκύθαρτος
560 607 727 708 ὁλεπρδς
753 605 854 679 ἐδόκει
883 605 961 678 εἶναι
987 604 1074 679 κατὰ
1101 606 1162 678 τδν
1188 607 1302 690 νόμον,
1330 605 1408 708 ῥίζα

253 715 287 786 δὲ
303 721 370 788 τῶν
387 719 496 816 ιἐρέων
513 719 567 790 καί
586 721 702 818 κρηπίς
721 720 758 805 ἠν
776 722 795 792 ὁ
813 719 955 821 Ἀαρὼν,
980 722 1033 791 ‘ivn
1055 721 1100 805 μή
1124 721 1167 796 είς
1192 715 1288 790 ἅπαν
1308 718 1408 812 διαβῇ

252 826 294 900 τδ
323 830 417 920 γένος
439 829 481 903 τδ
506 831 635 917 ὄνειδος,
663 833 724 916 τήν
747 834 822 915 ’ίσην
847 833 902 906 ούκ
928 835 1099 924 ἐπήγαγεν
1123 832 1214 922 αύτῷ
1234 832 1405 931 τιμωρίαν,

252 938 344 1012 ιἰλλίι
376 940 429 1014 διὰ
457 953 515 1027 τῆς
546 942 694 1045 ἀδελφῆς
728 947 900 1045 ἐφόβησεν
933 947 1015 1030 ὁμοῦ
1044 977 1085 1017 τε
1119 944 1171 1015 καὶ
1204 944 1405 1016 ἐπαίδευσεν.

253 1051 355 1125 Ούτω
377 1053 446 1157 γὰρ
472 1056 572 1130 αύτδν
595 1057 638 1130 τδ
665 1055 772 1136 πείθος
798 1059 936 1142 ἠνίασεν,
962 1059 1015 1130 ὅτι
1034 1059 1166 1159 τριύτης
1185 1063 1296 1129 τοῦτο
1315 1055 1407 1151 δεξα-

251 1167 353 1252 μένης,
377 1167 476 1246 αύτδς
495 1168 557 1243 τδν
583 1168 769 1255 ἠδικημένον
792 1172 937 1244 ι’κέτενσε
960 1176 1059 1242 λῦσαι
1082 1173 1125 1264 τῇ
1149 1171 1322 1268 πρεσβείᾳ
1348 1171 1406 1253 τήν

253 1283 442 1381 συμφοράν.
481 1283 524 1353 Ὁ
553 1280 588 1354 δὲ
614 1284 670 1356 ούκ
702 1285 871 1368 ἠμέλησεν,
903 1284 980 1354 ἀλλ’
1008 1284 1123 1355 αύτίκα
1155 1284 1217 1365 τήν
1240 1284 1405 1382 ἱκετηρίαν

253 1392 487 1492 προσήνεγκεν.
543 1394 637 1469 Εἶτα
667 1398 686 1467 ὁ
711 1393 949 1496 φιλάνθρωπος
978 1394 1103 1497 Κύριος
1123 1393 1281 1489 ἐδίδαξεν,
1307 1397 1406 1473 deod

252 1504 534 1586 κατοδικαστικῶς
565 1509 672 1593 αύπήν,
697 1507 789 1580 ἆλλίι
812 1514 979 1610 πατρικῶς
999 1507 1200 1580 ἐπαίδευσεν·
1240 1509 1310 1607 ἔφη
1331 1506 1405 1608 γὰρ,

252 1618 301 1690 Εἰ
320 1622 338 1691 ὁ
359 1622 473 1721 πατὴρ
500 1622 605 1717 αύτῖηςι
618 1622 763 1706 ε’μπαίων
782 1623 952 1693 ἐνέπαισεν
971 1626 1014 1699 εἰς
1033 1619 1076 1694 τὸ
1095 1622 1283 1721 πρόσωπον
1302 1622 1405 1704 oriris,

252 1732 308 1803 ούκ
332 1733 595 1831 impartior-rau
622 1732 709 1806 ἔπτὰ
732 1735 852 1834 ἡμέρας
869 1735 1141 1835 ιἰῲορισθήσεται
1162 1733 1226 1828 ἔξω
1244 1741 1307 1849 τής
1324 1765 1406 1834 παρ-

252 1846 408 1931 εμβολῆς,
428 1847 481 1916 καί
501 1845 587 1930 μετὰ
607 1852 717 1920 ταῦτα
735 1848 969 1919 εἰσελεύσεται.

750 2105 913 2171 XXXII.

337 2262 475 2347 Ἐπειδὴ
505 2262 590 2342 τινὲς
623 2266 678 2337 ούκ
713 2263 774 2337 οἶδ’
807 2267 931 2338 ὁπόθεν
961 2266 1149 2349 κινηθέντες,
1182 2262 1222 2335 δι’
1261 2269 1409 2350 ἡμισείας

252 2373 295 2448 τδ
313 2375 545 2477 δημιουργικὸν
565 2383 629 2449 τοῦ
651 2379 740 2449 Θεοῦ
761 2384 1012 2478 παραιροῦνται,
1029 2380 1132 2464 μόνον
1149 2383 1213 2449 τοῦ
1229 2386 1334 2451 ποιοῦ
1350 2385 1409 2453 τοῦ

251 2490 327 2588 περὶ
352 2488 431 2574 ύλην
456 2491 563 2563 α’ίτιον
586 2489 687 2562 αύτδν
714 2491 880 2584 λέγοντες,
909 2491 1090 2582 ἀγέννητον
1116 2490 1216 2574 αύτήν
1243 2492 1309 2575 τήν
1336 2491 1410 2575 ύλην

249 2691 431 2778 provectior,
450 2701 483 2758 et
497 2690 667 2780 pontificali
681 2688 836 2776 dignitate
851 2696 990 2755 ornatus.
1038 2689 1160 2756 Praeter
1170 2690 1254 2770 haee,
1271 2695 1410 2778 quando·

250 2795 375 2883 quidem
390 2795 529 2883 leprosus
545 2795 639 2881 juxta
656 2794 758 2882 legem
772 2815 830 2881 pro
851 2791 1014 2858 immundo
1031 2793 1215 2873 habebatur,
1232 2794 1266 2859 in
1283 2798 1414 2873 Aaronq

250 2908 356 2965 autem
375 2899 466 2965 radix
485 2907 518 2965 et
540 2898 775 2963 fundamentum
799 2895 966 2962 sacerdotii
985 2895 1081 2962 situm
1101 2904 1179 2975 erat,
1202 2919 1243 2963 ne
1261 2901 1411 2984 probrum

248 3001 333 3066 istud
350 3001 384 3066 in
398 3023 489 3067 omne
502 3001 690 3066 sacerdotum
704 3021 807 3086 genus
821 2999 979 3078 transiret,
995 2998 1081 3064 illum
1096 2999 1180 3065 haud
1194 3001 1292 3067 simili
1309 3003 1412 3069 affecit

249 3126 352 3191 poena,
375 3106 431 3170 sed
453 3126 509 3190 per
531 3126 669 3169 sororem
695 3126 767 3169 eum
793 3104 1004 3191 perterrefecit
1028 3102 1143 3190 pariter
1167 3125 1205 3170 ac
1232 3107 1410 3194 castigavit.

252 3207 304 3271 lta
322 3205 406 3270 enim
431 3207 470 3272 de
492 3228 587 3292 poena
614 3208 765 3292 (Μανία)
794 3206 913 3273 doluit:
937 3207 1101 3295 siquidem,
1124 3209 1356 3296 cumprimum
1376 3232 1412 3275 ea

249 3308 449 3396 affligeretur,
465 3308 531 3394 ipse
546 3308 660 3395 injuria
684 3309 830 3387 affectum
852 3313 984 3399 rogabat
1001 3312 1148 3398 (Μοεειι),
1173 3321 1209 3378 ut
1233 3335 1294 3379 sua
1316 3313 1412 3379 inter·

251 3411 391 3477 cessione
410 3411 526 3477 malum
541 3413 680 3498 pelleret.
726 3413 799 3501 Ipse
813 3437 885 3479 vero
900 3436 963 3479 non
978 3414 1125 3501 neglexit,
1141 3414 1197 3479 sed
1211 3416 1325 3481 statim
1340 3439 1412 3504 sup

250 3515 432 3604 plicationes
460 3514 551 3582 fudit.
597 3515 693 3581 Unde
720 3517 877 3582 Dominus
901 3517 1061 3583 hominum
1090 3539 1201 3583 amans
1230 3519 1411 3599 declaravit,

251 3619 334 3708 quod
353 3640 416 3684 non
435 3618 534 3685 severi
550 3616 667 3704 judicis
687 3618 742 3682 sed
761 3618 860 3703 patris
883 3618 982 3684 instar
1003 3641 1073 3685 eam
1095 3619 1309 3707 castigaverit.
1355 3621 1413 3686 Ait

87 3744 151 3785 rum,
161 3743 238 3785 xum
251 3723 351 3791 onim:
380 3724 419 3788 si
433 3732 528 3810 poter
549 3721 612 3808 ηἰιι
632 3723 759 3808 moisem
780 3722 816 3786 io
833 3724 956 3808 faeiem
977 3723 1051 3808 ηἰω,
1074 3745 1171 3788 nonos
1192 3723 1413 3791 reverereturl

250 3837 360 3914 septem
374 3825 480 3892 diodus
492 3834 651 3912 ιιρανειον
666 3834 754 3890 antro
769 3834 881 3903 costra,
897 3835 926 3889 ot
938 3835 1043 3912 posteo
1056 3827 1198 3891 introeat.

317 3946 480 4012 XXXII.
532 3944 787 4032 Quandoquidem
804 3943 910 4031 aliqui,
932 3945 1038 4010 nescio
1052 3967 1114 4032 qua
1127 3945 1249 4012 ratione
1263 3947 1355 4025 moti,
1375 3968 1414 4013 ex

251 4050 379 4115 dimidia
393 4057 481 4137 parte
496 4048 566 4113 Deo
582 4047 644 4112 vim
662 4047 806 4134 opificem
826 4046 934 4110 mundi
953 4047 1107 4126 adimunt,
1123 4070 1195 4113 enm
1215 4048 1315 4114 solius
1339 4072 1413 4136 qua

251 4153 357 4233 litatis,
368 4175 438 4238 quae
453 4150 591 4217 materiae
607 4149 698 4229 inest,
710 4169 837 4214 oausam
851 4158 1036 4230 asserentes,
1049 4151 1149 4236 ipsam
1161 4173 1234 4216 vero
1247 4152 1416 4218 materiam

301 4365 424 4416 XXXII.
467 4364 559 4415 Edited
576 4364 610 4428 by
626 4363 722 4412 Garun
739 4363 803 4412 from
853 4362 1267 4425 βιβλίουΕἰριμαίονσνηγριίφεως,
1283 4367 1414 4424 trofini

252 4448 389 4509 Cod.3011
410 4447 497 4496 ottho
518 4446 637 4495 Bodleian
657 4444 801 4504 Collection,
855 4446 914 4492 eluar
925 4444 1055 4504 ἀγέννητον
1065 4445 1110 4503 τὴν
1122 4444 1189 4504 ὕλην.
1214 4445 1324 4495 Photius
1335 4462 1414 4495 seems

246 4528 294 4592 sol.
308 4528 350 4577 ult,
376 4526 805 4591 Itboarsthoepigraph‚didrdpov
855 4524 1186 4575 toalludetothetreatiss.
1222 4525 1321 4578 lotrad.
1334 4527 1401 4578 clxx.
