3000 4994
451 341 554 394 arun
579 341 789 395 nrosroxos
815 342 952 395 nuans.
1231 325 1272 394 77

121 511 193 556 nem
209 491 382 572 Elisabeth,
404 500 437 558 et
450 493 630 581 angelorum
651 493 691 558 ad
715 501 855 579 pastores
877 494 1070 572 descensum,
1095 501 1128 558 et
1149 515 1187 559 ea
1203 515 1273 580 quse
1308 516 1414 602 appiam

120 595 160 657 ab
176 593 236 658 illis
251 594 433 673 dictasunt,
455 604 488 661 et
503 597 606 661 Annae
621 605 654 662 et
670 595 825 662 Simeonis
845 597 884 661 de
908 596 1034 662 Christo
1048 596 1272 676 testimonium,
1285 609 1434 695 ffigffi·

120 705 154 761 et
169 697 252 783 quod
267 697 429 763 duodecim
448 721 599 763 annorum
615 699 646 762 in
664 700 863 764 Hierusalem
885 698 1012 763 relictus
1034 698 1086 775 sit,
1108 706 1141 764 et
1155 698 1273 783 baptis-
1326 704 1397 741 Μ·

1289 773 1435 781 ——.-—---.

119 822 204 863 mum
220 799 244 863 J
246 801 387 879 ohannis
408 810 440 867 et
455 811 531 889 quot
546 824 697 866 annorum
714 802 868 866 Dominus
882 801 1059 887 baptisatus
1080 800 1132 878 sit,
1153 809 1185 865 et
1200 801 1273 886 quia
1284 811 1372 908 ggppf

121 902 153 964 in
176 902 405 989 quintodecimo
427 927 509 970 anno
533 905 650 970 Tiberii
672 903 816 969 (laeseris.
861 904 906 968 Et
921 905 953 966 in
977 905 1175 991 ¹magisterio
1197 906 1273 970 illud

122 1006 204 1088 quod
219 1007 259 1070 ad
274 1006 385 1072 divites
400 1008 518 1072 dietum
533 1015 600 1072 est:
633 1007 687 1072 Vc
707 1005 786 1071 oolla
810 1007 927 1083 diuites,
953 1009 1094 1092 quonium
1109 1009 1274 1094 percipitis
1283 1029 1365 1114 ἔξω.
1374 1030 1435 1078 era,

121 1107 344 1172 resolutionem
359 1119 498 1175 emirum.
541 1109 595 1187 Et,
611 1132 658 1172 ooe
672 1108 752 1173 codic
768 1111 822 1195 qui
835 1110 941 1173 satiati
957 1111 1033 1186 estis,
1055 1112 1195 1196 quonium
1210 1133 1273 1174 esre·
1308 1103 1321 1123 ’“

121 1210 220 1273 siclis:
246 1220 273 1274 et
287 1211 340 1296 qui
354 1211 463 1275 ridetis
481 1234 568 1288 nunc,
584 1212 659 1298 quia
676 1210 849 1296 plorabitis.
885 1210 939 1289 Et,
956 1234 1002 1275 ccc
1017 1209 1096 1275 uobis
1109 1234 1175 1275 com
1191 1211 1274 1277 dene·

120 1311 257 1376 dicerint
279 1334 329 1376 coc
353 1313 483 1377 Morinos
508 1336 615 1378 onena.
667 1313 837 1381 secundam
862 1313 926 1376 doee
953 1313 1032 1376 enim
1053 1313 1215 1397 sociabant
1247 1325 1275 1379 et

114 1415 382 1501 pseudoprophetis
403 1427 511 1501 potres
536 1417 639 1482 uestri.
689 1416 734 1480 Et
763 1417 867 1481 omnia
896 1416 1073 1504 hujusmodi
1096 1439 1151 1503 per
1172 1417 1273 1482 solum

123 1515 242 1581 Lucam
261 1516 472 1603 cognovimus,
499 1524 546 1604 (et
566 1518 715 1603 plurimos
734 1527 823 1583 actus
840 1518 967 1582 Domini
989 1541 1045 1605 per
1063 1520 1145 1584 hunc
1165 1519 1272 1585 didici-

121 1640 200 1697 mus,
221 1619 352 1706 ¹quibus
374 1628 407 1685 et
428 1642 536 1686 omnes
556 1621 721 1701 utnutnr:)
745 1630 781 1685 ut
801 1625 854 1687 ³et
878 1620 1108 1686 multitudinem
1130 1621 1271 1707 piscium,
1284 1646 1332 1697 css
1344 1657 1364 1685 v.

120 1743 215 1808 quam
229 1722 446 1788 concluserunt
468 1724 500 1788 hi
523 1724 575 1811 qui
598 1746 669 1789 cum
690 1723 787 1788 Petro
809 1732 907 1800 erant,
927 1724 1057 1810 jubente
1079 1723 1215 1788 Domino
1236 1731 1273 1787 ut

121 1824 281 1889 mitterent
302 1825 399 1890 retia:
425 1834 457 1890 et
481 1826 533 1890 illa
554 1848 624 1913 quse
646 1848 702 1912 per
723 1825 895 1891 octodecim
918 1846 1017 1890 annos
1040 1846 1141 1910 passa,
1165 1834 1273 1891 curata
1285 1843 1334 1892 cm·
1343 1844 1388 1884 1¹1¹.

22 1948 97 1987 ome
121 1926 223 1990 fuerat
245 1927 354 1992 mulier
375 1927 426 1992 die
449 1929 669 1994 sabbatorum:
700 1937 733 1994 et
763 1928 802 1993 de
829 1928 1008 2015 hydropico,
1039 1949 1133 2014 quem
1155 1929 1388 1996 curavitcmu·

121 2028 279 2096 Dominus
300 2032 362 2097 'die
396 2034 607 2111 sabbatorum,
640 2041 673 2097 et
702 2031 963 2117 quemadmodum
992 2031 1162 2118 disputavit
1191 2032 1273 2119 quod

120 2133 240 2198 curavit
262 2133 295 2198 in
318 2134 378 2199 hac
405 2135 469 2200 die:
496 2143 529 2200 et
550 2134 812 2221 quemadmodum
834 2133 942 2200 docuit
965 2134 1133 2221 discipulos
1156 2134 1273 2220 primos

121 2236 293 2303 discubitus
307 2260 372 2302 non
390 2246 555 2325 appetere:
579 2246 612 2304 et
634 2238 780 2325 quoniam
796 2260 947 2324 pauperes
969 2247 1001 2303 et
1023 2238 1141 2303 debiles
1163 2261 1273 2304 vocare

120 2348 253 2426 oportet,
269 2341 321 2427 qui
337 2362 400 2406 uon
414 2341 531 2405 habent
545 2342 735 2406 retribuere:
759 2352 792 2406 et
805 2341 858 2427 qui
872 2341 1025 2427 ⁴pulsavit
1045 2350 1136 2407 nocte
1151 2363 1273 2407 sumere
1286 2358 1335 2408 cm·
1344 2359 1373 2397 ¹¹·

120 2466 226 2529 panes,
250 2452 283 2510 et
303 2453 428 2530 propter
456 2444 638 2509 instantiam
663 2444 908 2530 importunitatis
933 2443 1048 2507 sumit:
1073 2451 1106 2508 et
1128 2445 1272 2529 quoniam
1285 2462 1377 2512 0·an

118 2548 202 2634 apud
229 2548 422 2612 Pharisaeum
448 2549 648 2614 recumbente
674 2570 722 2627 eo,
756 2547 914 2633 peccatrix
942 2547 1051 2612 mulier
1076 2548 1274 2612 osculabatur

119 2651 215 2735 pedes
239 2652 307 2738 ejus
336 2659 369 2715 et
402 2659 563 2738 unguento
590 2651 739 2737 ungebat,
774 2659 806 2714 et
832 2670 1025 2734 quacunque
1051 2656 1177 2734 propter
1203 2669 1273 2712 eam

119 2755 201 2819 dixit
214 2755 255 2820 ad
269 2754 428 2819 Simonem
443 2754 599 2818 Dominus
614 2754 652 2819 de
667 2754 787 2818 duobus
799 2752 1008 2817 debitoribus:
1031 2761 1063 2816 et
1078 2751 1116 2816 de
1127 2751 1274 2836 parabola
1286 2773 1334 2823 esp.
1344 2773 1365 2812 u

119 2858 224 2923 divitis
238 2858 319 2923 illius
333 2857 386 2943 qui
400 2858 526 2923 reclusit
548 2879 618 2944 quae
634 2857 663 2921 ei
685 2858 775 2921 lnata
794 2858 926 2933 lueraut,
951 2854 1001 2919 cui
1021 2862 1054 2920 et
1075 2854 1192 2918 dictum
1213 2861 1272 2933 est,

118 2963 162 3026 In
175 2964 233 3027 doc
247 2972 329 3026 nocte
343 2960 582 3048 ‘espect—ulabant
596 2961 733 3026 aciacum
745 2971 828 3026 tuum
842 2982 863 3024 u
878 2970 921 3024 te:
940 2959 1014 3038 Ques
1028 2969 1128 3024 autem
1143 2980 1273 3044 proepc-

118 3070 208 3148 raeti,
238 3069 323 3153 cujus
354 3071 466 3133 aaut?
502 3066 645 3132 similiter
677 3074 783 3131 autem
807 3074 840 3131 et
872 3066 976 3132 divitis
1004 3066 1056 3153 qui
1084 3066 1274 3131 vestiebatur
1286 3082 1334 3131 cn-
1347 3083 1389 3121 xvl·

117 3194 265 3259 purpura,
290 3181 323 3238 et
339 3173 571 3261 jocundabatur
593 3171 701 3251 nitide,
726 3178 759 3236 et
781 3192 914 3257 egenum
942 3170 1114 3234 Lazarum:
1146 3177 1178 3236 et
1203 3191 1272 3235 eam
1286 3191 1424 3242 asseres.

167 3410 177 3443 ¹
196 3411 342 3474 παραινέσει,
373 3411 422 3460 and
448 3411 479 3460 el.
495 3424 514 3461 1.
534 3425 587 3473 143,
604 3429 630 3460 n.
647 3425 669 3472 a,
721 3409 787 3458 Both
809 3426 868 3474 may
887 3409 952 3459 have
973 3410 1035 3458 been
1055 3408 1154 3459 written
1175 3409 1210 3474 by
1230 3409 1274 3458 the

118 3492 174 3542 end.
200 3493 295 3542 Graan
306 3493 421 3543 however
430 3498 545 3558 suggests
559 3496 670 3542 dedcora-
721 3493 861 3543 translator.

118 3577 167 3636 atq„
770 3572 781 3604 ⁴
797 3574 885 3623 Mass,
907 3573 988 3637 priuts
1004 3573 1095 3636 pulsat,
1118 3573 1168 3622 and
1187 3579 1274 3637 quotes

167 3655 282 3720 'quibus
303 3663 324 3705 et
345 3671 424 3705 omna
443 3662 553 3715 utuntur,
579 3656 615 3705 uls
631 3657 671 3704 rel
721 3657 764 3705 the
777 3654 904 3719 authority
915 3655 944 3703 of
960 3655 1002 3704 the
1013 3655 1113 3706 Olim.
1127 3655 1185 3704 MS.
1215 3655 1274 3703 Itis

118 3738 207 3787 πάντες
233 3737 399 3799 (Ecanqclistae
423 3737 468 3799 se.)
491 3739 604 3799 χρῶνται,
630 3753 670 3784 κα·
720 3736 832 3801 singular
840 3737 896 3785 that
904 3737 938 3800 by
946 3736 1203 3798 mistakeetquoniam
1209 3750 1274 3797 pare·

118 3816 250 3865 θὼςκπλ.
274 3813 327 3862 The
337 3814 428 3863 author
438 3814 532 3877 having
542 3814 670 3862 instaneed
718 3816 905 3879 peres...sumit
916 3817 937 3864 is
948 3817 1122 3865 therewrittcn
1134 3816 1212 3874 twice,
1224 3813 1273 3862 ancl

117 3896 212 3945 camin
232 3896 333 3960 sayings
353 3895 382 3944 of
401 3911 447 3944 our
466 3894 535 3944 Lord
553 3895 610 3944 that
629 3910 671 3943 are
720 3898 782 3947 both
797 3899 870 3947 times
887 3898 948 3946 with
964 3896 1080 3959 pulsavit.
1114 3896 1167 3944 The
1183 3896 1274 3945 second

117 3975 235 4024 recorded
248 3975 308 4040 only
325 3976 359 4039 by
378 3974 403 4023 S.
417 3973 498 4034 Lulre,
513 3974 575 4022 adds
585 3991 672 4038 paren·
721 3978 781 4026 time
792 3978 845 4026 also
856 3993 894 4025 we
904 3977 968 4024 bave
978 3983 1049 4025 noctu
1060 3975 1098 4023 lor
1108 3982 1179 4024 noae.

115 4057 246 4122 thetically
263 4058 320 4106 that
339 4058 370 4106 be
387 4057 439 4105 also
456 4059 580 4107 mentions
595 4074 671 4122 many
771 4053 782 4084 ³
799 4056 831 4102 τὰ
842 4054 988 4114 γεννήματα.

116 4143 205 4187 events
215 4138 242 4185 in
253 4153 367 4186 common
379 4137 440 4185 with
450 4137 493 4185 the
504 4137 576 4185 other
587 4136 670 4184 Evan·
770 4135 988 4198 ⁶Expostulodunt
1012 4132 1130 4182 unimam.
1169 4131 1273 4196 Cypriu-

115 4222 211 4285 gelista,
231 4221 280 4268 and
294 4221 354 4269 then
373 4220 461 4268 details
479 4221 551 4268 other
569 4219 670 4267 circnm-
721 4217 809 4266 ausin
823 4217 952 4265 orutlonem
965 4215 1088 4264 volsinis.
1125 4214 1274 4276 stultehsc

116 4311 215 4353 stauces
233 4303 342 4367 peculiar
358 4308 385 4351 to
405 4303 430 4352 S.
445 4302 525 4363 Lulxe,
546 4302 672 4365 resuming
723 4303 795 4346 nocte
818 4297 991 4360 expostulatur
1013 4297 1097 4344 anima
1120 4301 1171 4346 tua.
1218 4298 1273 4347 Ter·

116 4386 155 4435 his
172 4384 270 4448 subject
287 4385 347 4433 with
367 4385 509 4433 rediberet.
722 4379 843 4427 tullianus
868 4379 930 4426 libro
954 4384 1040 4441 prmrto
1063 4377 1179 4427 Meam
1204 4379 1274 4428 Mar·

165 4464 177 4497 ⁸
202 4465 281 4513 There
303 4465 325 4513 is
346 4464 475 4527 authority
497 4464 558 4511 both
581 4462 619 4509 lor
640 4467 669 4521 et,
722 4461 819 4519 curnem,
829 4465 965 4524 reposcent.
995 4460 1074 4509 Gracc
1089 4466 1121 4508 eat
1136 4461 1273 4509 ἀπαιτοῦσι.
1325 4491 1329 4499 ·

115 4548 168 4596 Aa.
190 4547 259 4607 MS,
280 4547 330 4595 and
349 4553 382 4605 ot,
404 4546 503 4594 cuman.
524 4544 575 4592 aud
589 4544 670 4592 Voss.
726 4542 843 4590 Fsuxan.
