3000 4994
579 377 827 432 FRAGMENTA.

636 657 780 725 XXIII.

207 807 428 879 ιἈποῦοῦναι
466 808 625 890 ἐκδίκησιν
669 808 761 910 παρὰ
801 810 927 910 Κυρίου
961 820 1004 907 τῇ
1044 809 1198 896 Μαῦιιίμ.
1241 813 1284 883 Ὁ

129 919 198 1019 γὰρ
224 922 338 1004 μηκέτι
359 923 392 992 ε’ν
416 923 575 1005 πνεύματι
603 921 691 992 Θεοῦ
712 927 833 1007 λαλῶν,
857 921 948 994 ιἰλλᾶ
969 926 1142 997 κατέναντι
1165 925 1285 1010 ’νόμον

130 1033 267 1116 Θιοῦ,”
250 1065 365 1133 ετερον
393 1035 546 1133 πορνείας
571 1032 672 1115 νόμον
700 1033 852 1119 ἶστᾶνων,
883 1034 980 1115 οῦτος
1006 1038 1113 1109 οῦκὲτι
1141 1040 1181 1115 ὡς
1200 1069 1285 1139 τρο-

130 1150 246 1243 φήτης,
279 1146 357 1217 ἀλλ’
386 1177 427 1223 ως
455 1145 574 1231 μα’ντις
602 1151 863 1237 λογισθήσεται
895 1149 940 1232 μή
966 1150 1117 1235 ἕμμεινας
1142 1147 1210 1250 γὰρ
1239 1153 1285 1244 τῇ

129 1289 192 1329 τον
177 1258 305 1329 Θεοῦ
333 1261 462 1353 ἐντολή,
488 1256 583 1353 ἄξιον
605 1267 664 1341 τῆς
683 1260 786 1334 αῦτοῦ
807 1250 1052 1359 κακομηχαῦῖας
1070 1261 1285 1349 ἀντελάβετο

130 1371 264 1453 μισθόν.

640 1608 781 1677 XXIV.

199 1760 293 1835 Ἴσθι
318 1763 372 1834 ὅτι
400 1766 464 1840 πᾶς
488 1760 661 1863 ἅνθρωπος
686 1757 813 1844 ήκενῦς
835 1761 938 1845 ἐστὶν,
966 1760 990 1845 ή
1011 1766 1148 1860 πλήρης·
1179 1764 1208 1832 εἰ
1227 1760 1286 1846 μὲν

131 1875 200 1977 γὰρ
221 1876 276 1948 οῦκ
295 1878 362 1972 ἔχει
383 1870 483 1969 ἅγιον
506 1874 654 1958 Πνεῦμα,
681 1874 737 1947 οῦκ
762 1874 830 1971 ἔχει
862 1879 984 1966 γνῶσιν
1011 1879 1074 1946 τοῦ
1097 1874 1285 1958 κτίσαντος,

133 1989 170 2059 οῦ
189 1986 401 2088 παρεδέξατο
423 1989 484 2070 τήν
510 1986 591 2088 ζωήν
607 1985 737 2070 Ἰησοῦν
759 1986 822 2060 τὸν
852 1985 1019 2086 Χριστὸν,
1047 1987 1102 2057 οῦκ
1132 1985 1200 2057 οἶδε
1226 1986 1287 2059 τὸν

133 2101 280 2201 Πατέρα
299 2099 361 2172 τὸν
378 2102 410 2176 ἕν
427 2110 499 2176 τοῖς
517 2101 673 2199 οῦρανοΐς·
693 2101 721 2170 ει’
739 2100 775 2170 οῦ
792 2101 867 2187 βιοῖ
882 2096 969 2171 κατὰ
987 2097 1048 2173 τῦν
1065 2097 1184 2192 λόγον,
1199 2096 1286 2172 κατὰ

134 2215 234 2297 νόμον
253 2211 314 2285 τὸν
331 2211 489 2312 οῦρᾶνιον,
508 2213 545 2283 οῦ
563 2218 741 2311 σωφρονεῖ,
766 2213 802 2282 οῦ
822 2209 1062 2311 ῦικαιοπραγεῖ·
1090 2213 1109 2282 ὁ
1132 2217 1288 2291 τοιοῦτος

132 2325 221 2403 κενός
247 2327 352 2398 ἐστιν·
392 2328 420 2397 εἶ
448 2322 483 2395 δὲ
506 2324 670 2424 κεχώρηκε
695 2322 757 2396 πόν
782 2326 922 2397 εἰπόντα
951 2323 1046 2408 Θεὸν,
1074 2325 1228 2408 ε’νοικήσω
1255 2327 1288 2395 ἐν

133 2439 244 2517 αῦτοῖς
262 2439 316 2510 καὶ
338 2440 611 2536 ἐμπεριπατήσω,
635 2435 690 2508 καὶ
713 2436 833 2521 ἔσομαι
856 2437 968 2514 αῦτοΐς
993 2434 1086 2519 Θιῦς,
1111 2437 1209 2514 οῦτοι
1232 2438 1288 2509 οῦκ

134 2551 208 2627 ἔστι
227 2549 325 2647 κενὸς,
343 2549 436 2622 ἆλλὰ
457 2555 595 2649 πλήρης.

200 2805 342 2872 ΧΧΙΙΙ.
388 2806 528 2871 Reddere
549 2804 693 2870 ultimtem
714 2827 736 2869 α
758 2803 891 2868 Domino
916 2803 1065 2868 Μαῦὶαιι.
1118 2803 1180 2886 Qui
1204 2803 1366 2870 enimet..
1376 2840 1436 2871 m·

134 2931 198 2975 non
218 2909 251 2973 in
273 2908 335 2974 Dei
353 2907 473 2995 Spiritu
494 2908 640 2996 loquitur,
655 2908 711 2973 eod
726 2886 837 2974 centra
850 2907 953 2995 legem
968 2907 1041 2986 Dei,
1061 2906 1155 2972 aliam
1168 2880 1319 2973 scorta·

133 3014 227 3079 tionis
242 3013 343 3101 legem
363 3012 540 3092 instituens,
556 3012 607 3080 hie
625 3034 688 3078 non
708 3012 776 3099 jem
790 3019 827 3076 ut
847 3011 1008 3098 prophete,
1023 3011 1080 3076 eod
1101 3019 1137 3076 ut
1151 3006 1301 3076 hariolus

133 3116 337 3204 reputabitur.
377 3115 437 3197 Qui
452 3114 584 3183 enimin
599 3114 660 3180 Dei
681 3114 829 3180 mandato
851 3134 914 3178 non
932 3113 1148 3201 perseveravit,
1164 3113 1292 3202 dignam

32 3213 38 3223 ’
133 3221 220 3308 previ
235 3219 357 3316 eonsilii
370 3218 420 3283 sui
434 3219 611 3285 mercedem
625 3218 754 3305 recepit.

201 3345 341 3410 XXIV.
380 3344 467 3409 Scito
482 3365 607 3410 omnem
621 3343 778 3410 hominem
792 3352 849 3409 aut
863 3365 994 3410 vacuum
1005 3350 1061 3409 eut
1071 3344 1197 3431 plenum
1211 3366 1291 3412 esee.

137 3448 220 3515 Nam
231 3449 259 3512 si
276 3447 426 3533 Spiritum
441 3455 584 3512 sanetum
598 3445 778 3524 nonhabet,
790 3447 1127 3514 nonhabetOreatorie
1136 3448 1291 3527 notitiam,

136 3573 199 3616 non
212 3551 330 3636 recepit
352 3549 465 3615 Jesum
488 3548 647 3615 Christum
669 3548 776 3629 vitam,
797 3551 898 3616 nescit
921 3552 1051 3617 Patrem
1078 3552 1183 3638 quiin
1204 3552 1292 3618 coeIIs

136 3664 207 3730 eet3
231 3654 259 3720 si
281 3676 322 3719 ex
343 3654 464 3719 ratione
485 3674 549 3719 non
569 3651 655 3732 vivit,
678 3653 814 3740 exlegis
835 3654 974 3721 coelestis
994 3676 1113 3732 norme,
1128 3676 1191 3719 non
1213 3663 1291 3720 tem·

135 3779 249 3844 perans
270 3766 330 3835 eet,
349 3755 507 3842 justitiam
533 3777 597 3821 non
620 3755 713 3822 colit:
746 3756 819 3822 telis
848 3777 967 3822 vacuus
990 3763 1050 3821 eet.
1104 3755 1291 3821 sinautem

137 3860 241 3926 Deum
261 3860 355 3948 cepit,
371 3859 425 3944 qui
446 3858 501 3938 ait,
518 3857 702 3925 inhabitato
723 3860 759 3924 ἱιι
774 3859 818 3924 eie
838 3868 865 3924 et
886 3856 1091 3936 ieemteleto,
1107 3866 1136 3922 et
1155 3878 1206 3923 ιιο
1225 3857 1293 3924 illie

137 3963 243 4036 Deee3
268 3964 321 4030 hic
336 3985 400 4029 non
413 3984 531 4031 vacuus
546 3969 607 4042 est,
621 3963 678 4029 sed
693 3962 815 4048 plenus.

176 4181 688 4247 xxm.¹00d.A.s01.440,B.s0t395.
740 4181 841 4230 whence
859 4179 997 4228 Comus
1016 4179 1134 4228 obtained
1153 4179 1204 4229 thie
1226 4180 1291 4246 freg-

186 4263 284 4324 ’νόμον
301 4265 362 4315 cod.
375 4264 409 4314 A.
444 4262 593 4323 νόμωνῦοά.
607 4262 637 4312 Β.
739 4266 816 4311 ment.
846 4261 873 4310 It
889 4275 948 4324 may
962 4260 993 4308 be
1009 4260 1117 4308 referred
1130 4267 1157 4309 to
1171 4262 1215 4310 the
1230 4266 1293 4312 eree

187 4348 294 4397 XXIV.
329 4347 356 4396 It
377 4347 436 4396 doee
456 4351 502 4395 not
517 4360 610 4410 appear
625 4343 690 4394 from
740 4343 787 4394 tite
804 4361 831 4392 τ.
845 4342 987 4400 ἐπιστήμης.
1018 4341 1069 4392 Int.
1082 4358 1106 4406 p.
1119 4342 1193 4393 clxvi.
