3000 4994
539 355 816 408 nnsnruomun.
1209 344 1254 408 35

97 526 172 583 auec,
187 504 439 592 quemadmodum
453 505 568 571 locutue
581 515 624 571 cet
638 506 800 591 adpetree
813 515 936 585 macru,
952 505 1090 571 Adrelce
1106 515 1134 572 ct
1147 508 1258 575 aemiuc'
1276 528 1414 613 napta.

98 609 383 693 auctuum.
1280 606 1410 708 auu

165 715 196 776 2.
244 712 306 776 Per
327 712 395 777 haec
418 711 513 798 igitur
533 720 567 777 et
587 719 677 778 tanta
697 720 851 777 monstrat
874 711 1088 799 Evangelium
1111 713 1256 802 quoniam
1321 715 1369 752 Η·

98 813 151 899 qui
172 813 295 878 locutus
316 822 366 878 est
383 815 524 899 patribus
545 814 642 892 Deus,
658 814 709 879 hic
730 823 778 878 eet
800 813 853 899 qni
872 836 928 899 per
945 814 1090 902 Moyeem
1108 817 1256 903 ¹legieda·

98 916 216 980 tionem
229 917 313 994 fecit,
329 940 384 1003 per
399 940 492 1005 quam
508 917 759 1005 llegisdationem
775 919 984 1005 cognovimus,
1001 920 1146 1005 quoniam
1160 920 1256 1006 patri·

98 1019 158 1084 bue
179 1018 301 1085 locutus
323 1030 382 1086 est.
432 1021 496 1085 Hic
517 1021 598 1086 idem
618 1021 707 1085 Dens
726 1021 896 1086 secundum
916 1044 1063 1109 magnam
1082 1022 1254 1089 bonitatem

98 1139 188 1182 suam
210 1117 319 1182 effudit
341 1118 581 1183 misericordiam
600 1119 632 1182 in
654 1138 722 1196 noe,
743 1119 775 1182 in
796 1142 858 1206 qna
875 1120 1085 1186 misericordia
1104 1122 1255 1207 ceuepece‘t
1267 1148 1420 1199 nuceram.

98 1239 152 1283 nce
168 1219 276 1284 Ociceu
293 1242 330 1284 ec
351 1220 423 1300 ulto,
439 1231 466 1285 et
480 1221 632 1306 apparuit
649 1220 697 1284 tie
711 1223 765 1307 qui
784 1223 819 1285 iu
834 1220 962 1286 tenebrae
980 1231 1009 1286 et
1026 1222 1135 1286 umbra
1149 1224 1255 1287 mertia

97 1321 247 1400 cedebant,
263 1333 292 1387 ct
306 1323 422 1388 direcit
429 1324 525 1410 pedes
539 1333 652 1388 muros
666 1324 700 1388 iu
715 1324 800 1388 ciem
808 1325 919 1409 pacta·
946 1324 1206 1411 quemadmodum
1221 1333 1254 1390 et

99 1423 270 1489 Zacharias
289 1426 434 1491 desinens
449 1436 553 1491 mutus
573 1449 652 1504 ease,
668 1427 891 1513 quodpropter
910 1427 1123 1492 infidelitatem
1143 1449 1254 1513 passus

99 1525 210 1604 fuerat,
224 1526 343 1592 novello
355 1527 466 1612 spiritu
480 1528 666 1613 adimpletus
681 1550 758 1593 nove
770 1528 972 1593 benedicebat
984 1527 1098 1593 Deum.
1138 1528 1253 1594 Omnia

49 1655 81 1694 ea
99 1632 182 1697 enim
205 1655 284 1699 nova
305 1634 445 1712 aderant,
470 1635 578 1700 Verbo
601 1657 679 1700 nove
701 1635 884 1720 disponente
899 1635 1053 1700 carnalem
1072 1634 1252 1712 adventum,

97 1740 145 1805 uti
159 1762 230 1805 eum
244 1742 402 1807 hominem
416 1741 468 1828 qni
482 1750 571 1807 extra
586 1741 691 1806 Deum
704 1742 834 1819 abierat,
853 1741 1023 1807 ascriberet
1041 1741 1128 1806 Deo:
1161 1762 1252 1827 prop-

97 1852 147 1910 ter
164 1844 247 1931 qnod
262 1854 295 1909 et
311 1866 388 1910 nove
409 1844 512 1909 Deum
528 1843 629 1909 colere
646 1844 847 1922 docebantur,
866 1845 922 1910 eed
942 1865 1005 1909 non
1025 1844 1120 1909 alium
1136 1844 1251 1922 Deum,

98 1947 245 2032 quoniam
264 1946 389 2032 quidem
408 1969 487 2011 uuae
500 1947 594 2020 Deuca
614 1947 669 2032 qui
681 1946 834 2031 justificet
848 1948 1105 2013 circumcisionem
1125 1969 1161 2012 ec
1174 1947 1251 2030 fide,
1266 1966 1406 2007 neuram.

98 2060 130 2115 et
143 2052 336 2136 praeputium
348 2049 532 2135 perfidem.
574 2049 772 2134 Prophetane
790 2058 896 2115 autem
919 2050 1089 2116 Zacharias
1108 2050 1250 2116 dicebat:

96 2153 281 2218 Benedictue
301 2153 452 2218 Domiuue
472 2153 558 2218 Deue
579 2152 692 2231 Israel,
713 2154 790 2239 quic
815 2155 954 2218 cicitece't
982 2164 1011 2219 et
1031 2155 1114 2237 fecit
1139 2154 1252 2219 redem-
1266 2169 1417 2218 mecam.

97 2256 207 2321 tc'oucm
220 2255 336 2341 popule
354 2276 418 2320 cuo.
454 2254 500 2320 Et
520 2256 616 2320 cccee't
637 2276 731 2320 coruu
750 2255 860 2320 eclutie
881 2256 963 2321 uelle
984 2257 1020 2322 c'u
1039 2256 1123 2321 decue
1145 2255 1257 2320 Dauid
1369 2266 1371 2270 ‘

92 2361 189 2445 puetu'
219 2359 279 2423 eui.
340 2359 430 2423 Sicut
458 2358 572 2424 lecutue
604 2367 647 2422 cet
674 2380 736 2443 per
767 2380 799 2424 oe
832 2368 1005 2424 raedorum
1031 2357 1253 2445 prophetarum

96 2481 230 2540 cuorum,
246 2461 302 2549 qui
312 2484 334 2526 c
347 2461 456 2526 eoecule
466 2470 546 2526 suut.
583 2460 721 2526 &ubetem
733 2483 769 2526 cc
783 2461 919 2526 inimicia
933 2463 1051 2540 match,
1068 2472 1096 2526 et
1109 2484 1146 2526 ec
1159 2483 1254 2527 mauu

96 2565 232 2628 emulum
246 2565 301 2651 qui
314 2565 443 2629 odenutt
452 2586 513 2629 uee.
549 2563 796 2649 Adfectcudem
812 2563 1056 2628 miecre‘ceeete'om
1072 2585 1141 2627 ceuu
1148 2564 1253 2648 patci-

97 2664 153 2731 dae
171 2667 291 2746 metria,
310 2676 339 2732 et
353 2667 509 2731 reminisci
526 2668 695 2731 testamenti
714 2667 812 2731 cuncti
830 2667 890 2732 eue‘.
928 2665 1159 2751 Juejarcudum
1175 2665 1256 2751 quod

87 2767 218 2854 jicrccit
234 2769 280 2834 od
291 2767 453 2833 Abraham
470 2778 591 2854 putrem
609 2778 753 2845 courum,
773 2769 821 2835 uti
841 2769 890 2833 det
909 2766 993 2833 uobis
1009 2769 1075 2832 u'ue
1094 2768 1200 2832 timore
1217 2789 1254 2832 ec
1357 2838 1361 2843 ,

95 2892 192 2936 mauu
214 2871 407 2936 iue'oeicorum
428 2880 542 2956 ereptae
561 2870 676 2935 cervice
696 2870 758 2934 eidi
780 2871 815 2934 c'u
835 2870 995 2935 suauitate
1017 2877 1045 2933 et
1058 2869 1196 2955 justitio,
1219 2870 1254 2932 e'u

95 2984 252 3061 compecto
266 2997 319 3040 cuo
334 2979 448 3039 ²emuee
461 2973 526 3038 dice
539 2982 662 3039 uoetroe.
700 2973 822 3039 Deinde
839 2972 880 3038 ad
897 2973 922 3036 J
923 2973 1079 3037 ohannem
1092 2972 1186 3037 dicit:
1210 2974 1255 3037 Et
1265 2996 1315 3037 nuc
1325 2998 1339 3038 ι.
1348 2998 1417 3047 aeq.

96 3088 133 3144 tu
148 3100 241 3164 puer,
261 3077 418 3164 Propheta
437 3077 595 3142 Alte'eec'mi
615 3075 787 3141 cocabecte:
803 3075 934 3162 proeibie
953 3076 1034 3140 euim
1052 3076 1254 3161 antefactum

96 3181 229 3246 Domiue'
241 3202 362 3267 parare
382 3181 451 3245 ciue
469 3179 542 3264 cjue.
586 3178 644 3242 Ac
660 3178 799 3243 daudm
817 3178 999 3244 intellectum
1018 3179 1127 3244 solutae
1138 3177 1255 3264 popule

96 3283 173 3371 ajat,
199 3285 235 3348 ἰν
258 3283 460 3348 νννηνζςνίονινην
482 3290 672 3364 peccatoram
698 3302 809 3346 cocum.
853 3279 935 3345 Haec
958 3281 1041 3345 enim
1067 3287 1117 3345 eet
1145 3279 1254 3345 salutis

100 3385 223 3474 agnitio
245 3408 315 3473 quae
341 3385 448 3450 deerat
469 3384 525 3462 eis,
549 3388 636 3470 ³quae
664 3390 713 3449 est
736 3382 809 3447 Filii
832 3382 903 3461 Dei,
924 3404 1017 3469 quam
1040 3383 1174 3447 faciebat
1195 3381 1253 3446 Jo

96 3488 229 3569 hnnes,
246 3489 370 3555 dicens:
394 3488 475 3553 Ecce
485 3508 583 3573 aputu
596 3487 667 3566 Dei,
677 3487 732 3574 qui
742 3488 847 3571 aufert
856 3496 1016 3571 peccatum
1035 3485 1155 3550 muudi.
1190 3484 1255 3549 Hie
1265 3507 1417 3557 autam.

97 3739 181 3788 Voss.
198 3737 274 3788 MSS.
291 3738 372 3787 which
392 3737 454 3785 omit
471 3752 529 3785 cuae.
564 3736 617 3784 But
634 3737 654 3785 it
702 3736 755 3785 'l'he
771 3736 852 3784 words
867 3736 949 3800 might
967 3735 1042 3799 easily
1060 3735 1089 3783 be
1109 3733 1212 3784 omitted
1229 3735 1254 3781 in

99 3821 122 3870 ie
140 3820 252 3869 retained
269 3836 297 3869 ae
314 3818 393 3868 found
411 3818 436 3867 in
455 3818 498 3867 the
513 3818 567 3868 AB.
580 3833 650 3882 copy,
703 3818 833 3882 quotation
853 3817 917 3864 from
934 3831 1052 3879 memory,
1072 3815 1111 3862 sor
1129 3815 1189 3877 they
1206 3813 1255 3862 add

98 3901 349 3965 andintheSyriec.
385 3899 435 3948 Aa.
448 3896 608 3947 reminiscens.
703 3899 989 3963 nothingtotheeerme.

149 3979 212 4030 ¹So
231 3982 274 4030 the
292 3980 373 4029 Voss·
394 3980 441 4028 but
460 3979 560 4028 Gonu.
583 3979 654 4027 twice
752 3979 831 4042 aquoe
853 3985 885 4027 cet
907 3977 977 4036 Filii,
998 3977 1044 4024 ie.
1068 3977 1163 4036 γνῶσις.
1202 3975 1255 4022 ‘ibe

98 4063 159 4127 leqie
170 4062 330 4112 maionem.
353 4062 405 4111 Aa.
418 4059 468 4109 and
480 4060 574 4109 Galen
588 4059 654 4123 lepte-
703 4061 772 4109 word
777 4059 886 4123 faciebat
897 4058 1005 4120 eoarcely
1014 4056 1098 4104 malree
1106 4070 1175 4103 aenea
1184 4055 1255 4103 with·

96 4145 221 4194 letionctu.
703 4145 748 4190 out
764 4157 831 4189 eome
849 4140 910 4187 euch
928 4137 1129 4202 supplementur-y
1147 4140 1210 4184 term
1227 4152 1255 4184 ae

149 4225 257 4275 ’omna
268 4225 321 4274 dica
332 4231 429 4273 neuros.
454 4223 507 4272 The
519 4222 599 4271 worda
610 4224 654 4282 τῆς
699 4223 794 4286 pelam.
830 4221 882 4269 But
904 4221 947 4270 the
966 4217 1070 4281 original
1093 4217 1175 4265 Greek
1197 4233 1256 4280 may

98 4312 160 4371 Μς
174 4314 243 4360 munt
255 4309 287 4357 be
301 4306 415 4372 supplied
430 4305 562 4368 according
573 4310 600 4353 to
610 4304 654 4353 the
703 4304 766 4353 have
783 4318 828 4351 run
845 4318 872 4350 ae
887 4301 992 4350 lobene:
1011 4300 1072 4358 αὐτὴ
1083 4301 1132 4361 ’γὰρ
1143 4300 1159 4359 ἡ
1169 4302 1256 4361 γνῶσις

98 4392 203 4455 reading
213 4390 243 4438 ot
250 4406 297 4439 our
307 4393 407 4455 present
418 4393 472 4436 text
479 4404 486 4447 ;
503 4387 550 4435 but
560 4385 654 4435 several
704 4386 756 4434 ἐστι
767 4385 810 4443 τῆς
821 4384 947 4444 σωτηρίας,
967 4382 983 4441 ei
998 4383 1116 4440 λειπούση
1134 4382 1221 4441 αὐτοῖς,
1241 4381 1257 4440 ἡ

97 4475 200 4525 audent
211 4472 322 4520 venelone
333 4471 397 4519 omit
407 4470 483 4529 them,
497 4468 578 4517 aethe
592 4468 654 4516 an·
703 4467 747 4513 τοῦ
775 4466 824 4512 υἱοῦ
851 4465 894 4511 τοῦ
920 4464 988 4524 Θεοῦ,
1023 4461 1052 4522 ἣν
1080 4464 1217 4522 ἐνεποίησεν
1244 4461 1257 4508 ὁ

96 4562 165 4621 gnte,
180 4554 274 4620 Syriae,
290 4552 387 4617 Coptic,
396 4551 506 4611 Persian,
517 4549 652 4614 AEthiopic.
699 4547 818 4606 Ἰωάννης,
837 4546 924 4607 λέγων.

1063 4633 1155 4694 3-2
