3000 4994
532 356 579 408 nn
606 356 880 411 unumoumns.
1217 340 1283 410 257

619 544 710 609 ΟΑΡ
744 543 790 609 LI
1296 529 1451 570 malunt.

712 593 720 611 ι
795 594 803 612 ι
1297 577 1445 617 curvum.

1309 623 1388 662 HASS.
1398 623 1439 662 1v.

1321 670 1425 708 xxxit'ut.

188 672 506 764 Quemadmodum
513 673 785 775 judicabuntur
802 675 868 777 qui
883 702 909 752 u
925 676 1124 753 Marcione
1141 689 1233 752 sunt.
1298 742 1446 753 ...-

133 816 320 906 Quomodo
336 819 607 918 judicabuntur
631 818 672 894 bi
693 819 758 919 qui
781 834 864 895 sunt
891 846 917 895 o
950 821 1151 915 Valentino,
1177 836 1209 898 ct
1232 848 1288 897 ne-

562 936 656 1035 liqui
677 935 851 1012 Gnostici.

30 1109 109 1153 om.
199 1081 229 1144 l.
262 1077 493 1143 Exnuuunmr
509 1087 615 1144 autem
630 1087 662 1143 et
676 1078 850 1144 doctrinam
867 1079 1049 1160 Marcionis,
1067 1081 1222 1167 quomodo
1236 1103 1290 1147 ae-

131 1180 227 1265 cipiet
244 1181 322 1246 duos
337 1181 412 1247 deos
427 1203 506 1260 esse,
523 1181 645 1247 infinita
659 1181 808 1246 distantia
823 1192 983 1268 separatos
997 1185 1038 1249 ab
1052 1184 1200 1249 invicem?
1226 1182 1289 1249 Vel

132 1283 392 1370 quemadmodum
407 1286 507 1350 bonus
519 1284 587 1363 erit,
604 1284 656 1370 qui
671 1284 789 1349 alienos
803 1285 945 1350 homines
959 1286 1113 1351 abstrahit
1127 1288 1168 1351 ab
1183 1309 1220 1351 eo
1236 1285 1288 1373 qui

131 1387 215 1465 fecit,
230 1397 264 1452 et
285 1388 325 1452 ad
346 1410 436 1453 suum
453 1388 585 1453 advocat
604 1390 751 1476 regnum?
772 1395 805 1453 et
820 1410 914 1475 quare
931 1389 1056 1454 bonitas
1070 1390 1138 1474 ejus
1156 1390 1288 1469 ¹deficit,

131 1512 194 1554 non
209 1511 317 1556 omnes
331 1491 470 1557 salvans!
491 1500 523 1556 et
538 1513 634 1577 quare
648 1491 732 1556 circa
745 1491 888 1556 homines
903 1492 1028 1577 quidem
1042 1493 1144 1558 bonus
1156 1492 1288 1573 videtur,

131 1594 164 1658 in
186 1594 289 1679 ipsum
314 1580 421 1660 autem
443 1595 496 1681 qui
515 1595 590 1660 fecit
611 1594 753 1660 homines
772 1594 1006 1680 injustissimus,
1028 1595 1171 1660 auferens
1189 1597 1230 1661 ab
1251 1618 1289 1662 eo

131 1705 289 1782 quaesunt
304 1697 391 1782 ejus?
429 1698 592 1781 Quomodo
606 1704 713 1762 autem
723 1698 810 1784 juste
826 1697 991 1777 Dominus,
1006 1698 1034 1762 si
1048 1697 1176 1763 alterius
1190 1697 1289 1784 patris

131 1798 265 1877 exsistit,
285 1798 381 1886 hujus
407 1800 595 1865 conditionis
615 1821 685 1886 quae
706 1807 756 1864 est
775 1800 946 1865 secundum
968 1823 1036 1880 nos,
1056 1799 1215 1888 accipiens
1233 1822 1288 1887 pa·
1299 1819 1451 1906 ffatim

131 1923 204 1966 nem
229 1923 322 1966 suum
343 1925 456 1989 corpus
476 1925 544 1968 esse
566 1903 783 1981 confitebatur,
807 1910 839 1967 et
861 1906 1160 1988 ²temperamentum
1181 1903 1287 1969 calicis
1297 1911 1449 1998 &qv-gfff·

131 2026 222 2069 suum
236 2004 421 2091 sanguinem
436 2005 648 2070 confirmavitt
679 2005 723 2069 Et
737 2027 833 2090 quare
847 2027 881 2071 se
898 2006 1016 2071 Filium
1029 2006 1178 2071 Hominis
1192 2007 1287 2071 confi·
1297 2005 1367 2052 Μ*

131 2109 267 2185 tebatur,
292 2109 320 2173 si
338 2130 401 2173 non
421 2113 509 2174 ³esm
528 2131 598 2195 quae
619 2130 660 2173 ex
680 2107 806 2173 homine
826 2116 875 2174 est
896 2109 1130 2196 generationem
1151 2109 1289 2174 sustinu-

131 2211 225 2278 isset?
262 2214 531 2295 Quemadmodum
551 2222 657 2281 autem
672 2219 705 2276 et
719 2220 849 2296 peccata
869 2212 960 2277 nobis
978 2212 1135 2279 dimittere
1154 2221 1288 2300 poterat,

132 2338 202 2403 quse
223 2324 331 2382 nostro
353 2316 521 2381 debeamus
542 2314 652 2381 factori
668 2313 807 2408 etDeot
842 2314 1024 2398 ⁴Quomodo
1046 2323 1152 2381 autem
1170 2324 1290 2381 etcum

182 2454 191 2486 ¹
208 2457 257 2504 An.
271 2455 364 2518 defecit.
737 2470 803 2517 cotto
810 2454 928 2516 miscetur,
942 2455 1147 2519 Cbristopopuins
1153 2455 1289 2517 adunetur,

181 2535 425 2599 'manutentum
455 2538 495 2585 rui
510 2537 539 2585 rb
551 2538 631 2599 κρᾶμα
642 2537 686 2584 τοῦ
738 2535 916 2585 coedentem
930 2537 999 2600 plebs
1015 2537 1037 2586 ci
1056 2537 1084 2586 in
1102 2552 1170 2601 qutun
1184 2536 1290 2586 eredidit

133 2618 255 2680 ποτηρίου.
289 2618 342 2667 'l'ha
359 2619 466 2667 mixture
483 2618 512 2666 of
525 2624 603 2667 water
623 2617 686 2666 with
738 2618 1079 2681 ocpulntnretcompinuitur.
1105 2617 1290 2681 Qnmcopuiotio

132 2700 175 2749 the
187 2701 251 2748 wine
261 2700 287 2748 in
298 2700 342 2748 the
353 2699 424 2763 Holy
436 2700 570 2748 Euchariet
580 2715 631 2747 was
643 2698 686 2747 the
737 2706 758 2748 ct
774 2699 908 2762 conjunctio
923 2715 993 2763 conoe
1008 2707 1029 2749 et
1050 2699 1105 2748 cini
1120 2699 1155 2748 rio
1178 2698 1291 2749 numus·

132 2782 258 2830 universal
268 2782 375 2846 practice
386 2783 415 2831 ot
423 2782 597 2845 antiquity,cf.
605 2793 651 2845 397
662 2794 687 2832 o.
738 2780 767 2830 in
783 2782 857 2831 catice
867 2781 978 2842 Domini,
992 2788 1019 2830 ut
1036 2781 1170 2830 commistio
1183 2781 1228 2830 un
1240 2797 1290 2830 non

134 2863 167 2910 So
178 2863 197 2910 J
200 2874 254 2911 usn.
269 2862 359 2911 Minu.
373 2863 399 2910 in
415 2863 454 2910 hie
469 2863 556 2925 longer
565 2863 684 2925 Aponon,
734 2865 809 2926 possit
820 2865 851 2913 ab
864 2864 965 2914 inuicem
977 2865 1096 2927 marari.
1121 2865 1167 2927 Ep.
1180 2864 1215 2913 ad
1228 2864 1289 2916 Ooet.

134 2947 205 3006 ἄρτος
222 2946 393 3006 προσφέρεται,
414 2945 454 2993 καὶ
476 2945 536 2993 οἶνος
557 2946 596 2992 καὶ
615 2945 684 3008 ὕδωρ.
738 2957 815 2994 Lxul.
827 2961 850 3008 5,
867 2945 940 2995 Vind.
951 2945 1019 2996 out.
1033 2959 1074 2996 111.
1084 2948 1138 3012 389.
1167 2947 1199 2995 In
1212 2951 1290 2996 atruo

133 3024 196 3088 §67.
217 3026 289 3075 Vind.
306 3026 397 3076 Outioi.
416 3027 450 3075 iii.
467 3025 520 3091 169.
556 3028 685 3075 Attentosn
738 3027 788 3076 and
806 3028 887 3077 literal
900 3045 978 3089 sense,
992 3030 1034 3078 tha
1045 3030 1171 3092 primitive
1188 3031 1289 3080 Ohurch

133 3127 189 3174 says
208 3111 251 3159 the
273 3127 348 3171 same,
370 3111 400 3159 de
418 3111 487 3161 saer.
509 3124 550 3161 111.
574 3127 595 3161 1.
633 3112 687 3161 'I'be
738 3112 829 3174 taught
846 3112 902 3160 that
919 3112 953 3176 by
970 3128 985 3160 n
1002 3112 1102 3161 faithful
1120 3113 1245 3177 reception
1264 3113 1294 3161 of

133 3193 197 3240 wine
208 3193 345 3256 signifying
354 3193 396 3241 the
405 3193 519 3256 mystica]
526 3194 600 3242 Head
609 3194 638 3241 of
643 3194 686 3243 the
738 3189 781 3237 the
788 3189 857 3252 Holy
867 3188 1019 3249 Sacrament,
1037 3189 1075 3240 We
1083 3190 1153 3238 duell
1161 3190 1189 3238 iu
1200 3191 1287 3251 utris,

134 3274 242 3334 Churoh,
255 3275 297 3323 the
309 3279 387 3322 water
400 3275 535 3338 thebody;
552 3291 580 3323 so
600 3275 624 3324 S.
639 3275 687 3323 Cr·
737 3270 791 3320 ond
803 3271 882 3321 curm
894 3270 921 3319 in
931 3286 1070 3328 eunocum
1080 3272 1189 3322 cusnitit
1199 3272 1289 3335 otuu,

133 3366 216 3402 remu
230 3371 295 3419 says,
318 3354 434 3403 Videmus
449 3355 477 3403 in
490 3372 556 3418 aquo
565 3356 687 3418 populum
738 3353 791 3401 ond
807 3352 887 3403 Oluist
903 3351 959 3401 uun
977 3369 1013 3403 ue.
1041 3354 1095 3402 The
1109 3371 1176 3403 same
1193 3360 1290 3405 custom

134 3435 246 3498 intelligi,
260 3436 354 3485 insino
368 3453 422 3485 uero
437 3436 529 3485 ostendi
544 3437 686 3499 sanquinem
738 3433 855 3483 obtained
880 3433 932 3482 also
955 3434 1016 3484 with
1044 3451 1091 3485 our
1119 3436 1203 3486 Sexon
1226 3437 1290 3487 fore·

136 3517 235 3568 Christi.
274 3518 377 3577 Quando
394 3525 472 3567 outetn
488 3517 519 3566 in
534 3518 610 3568 octies
631 3519 687 3567 uino
737 3514 843 3563 fathers:
866 3514 1026 3575 soAEurmo,

216 3617 310 3679 Hdlrge
328 3618 375 3665 beo
391 3617 487 3680 beodap
505 3623 549 3681 pat
570 3634 628 3666 man
648 3633 688 3681 gc·
729 3674 732 3679 Ι
787 3612 858 3661 Libri
876 3614 955 3662 sancti
972 3614 1126 3678 praecipiunt,
1149 3620 1179 3664 ut
1200 3632 1258 3665 cum

167 3714 262 3761 maenge
271 3705 355 3746 wseter
363 3703 390 3747 to
402 3714 459 3760 pam
468 3702 533 3746 wine
545 3712 575 3758 pe
583 3704 610 3747 to
618 3699 689 3748 husie
737 3696 796 3744 vino
816 3695 981 3744 Eucharistiae
995 3696 1163 3744 immisceatur
1181 3713 1254 3760 aqua,

167 3780 240 3828 sceal.
270 3779 361 3828 forban
389 3795 420 3840 pe
446 3786 490 3838 pet
511 3785 596 3828 waeter
621 3777 688 3830 haeffl
738 3793 805 3840 aqua
818 3777 884 3824 enim
898 3777 1103 3840 significationem
1119 3777 1256 3841 hsbetple·

168 3874 217 3918 paes
239 3862 315 3911 folces
333 3863 490 3926 getdonuuge
508 3878 560 3911 swa
577 3879 629 3911 swa
645 3867 689 3926 pat
738 3859 784 3918 bis,
794 3859 915 3907 etvinum
926 3858 1054 3921 sanguinis
1064 3858 1164 3917 Christi,
1178 3863 1204 3907 et
1211 3860 1258 3908 hac

169 3947 217 3992 wtn
245 3944 338 3992 Cnetes
360 3943 462 4004 blddes3
493 3945 543 3993 and
567 3939 635 3991 forts
658 3959 689 3991 na
739 3939 1260 3989 dacausaneutrumhorumofferaturun·

167 4026 232 4074 soeal
248 4039 325 4085 naper
342 4027 421 4074 butan
437 4025 529 4074 ebrum
544 4025 608 4074 beon
623 4025 689 4089 geot-
740 4036 815 4084 quem
826 4035 917 4083 perse,
934 4020 959 4067 in
975 4020 1052 4068 Sacra
1068 4020 1148 4068 Missa
1157 4036 1164 4081 ;
1182 4027 1211 4070 ut
1226 4022 1260 4071 sit

167 4108 223 4156 frod
244 4112 278 4156 set
300 4122 365 4167 vaere
391 4107 484 4171 hatgan
507 4123 620 4156 maeessn.
646 4112 689 4166 pat
740 4102 854 4151 Christus
866 4116 923 4150 cum
935 4100 1013 4160 uobis,
1027 4106 1053 4149 et
1063 4117 1109 4149 nos
1122 4117 1179 4150 oum
1191 4101 1261 4152 Chri·

168 4190 235 4238 Cnst
248 4190 294 4238 beo
307 4188 358 4238 mid
374 4191 403 4237 us
416 4189 466 4237 and
482 4205 517 4236 we
533 4187 585 4236 mid
599 4187 687 4237 Cnste.
740 4189 787 4244 sto,
802 4200 859 4231 cum
871 4183 987 4232 membris
999 4183 1090 4247 Caput,
1107 4188 1133 4233 et
1144 4200 1201 4232 cum
1213 4185 1258 4234 Ga·

170 4277 213 4334 pat
231 4270 320 4318 heasod
338 4270 389 4318 mrd
408 4285 465 4332 pam
482 4268 570 4316 limum
589 4265 639 4314 and
656 4278 689 4325 pa
739 4266 792 4331 pite
804 4265 921 4314 membra.

169 4352 229 4400 hma
239 4351 290 4400 mid
303 4364 359 4410 pam
370 4351 459 4400 heafdo
469 4368 476 4411 ;
854 4345 948 4395 Vindes
961 4345 1105 4408 eutalium,
1120 4360 1160 4399 111.
1175 4360 1231 4412 355.

186 4481 197 4513 ³
214 4483 314 4532 Cunnu.
327 4482 406 4542 utun,
417 4482 466 4530 and
476 4481 515 4531 rat
524 4479 606 4530 would
615 4479 645 4527 be
656 4479 690 4543 by
789 4478 800 4509 ⁴
816 4477 944 4529 Tsnmm
953 4478 982 4528 de
993 4479 1072 4530 Omns
1080 4481 1137 4532 Otr.
1148 4493 1171 4544 5,
1180 4498 1200 4533 c.
1209 4482 1290 4534 Marc.

137 4577 170 4610 no
182 4577 266 4610 means
277 4560 440 4626 superfluous.
741 4572 777 4610 nv.
791 4574 895 4623 40-43.
