3000 4994
426 334 518 387 cam
537 335 578 387 IN
597 334 839 389 SEMETIPSUM
856 336 1022 391 INTULI'P.
1250 323 1315 391 127

1352 512 1406 552 ma
1416 513 1457 553 111.

1368 560 1441 598 xxxlv.

578 608 678 675 OAP.
704 607 884 674 XXXIV.
1358 605 1452 645 carru

1339 662 1426 736 uidi.v
1427 652 1467 738 ii1.

1360 743 1420 782 sulit.
1429 745 1447 782 a

373 764 436 840 De
460 762 557 840 Caio
573 762 812 863 quisratrem
829 789 936 837 suom
953 761 1094 838 occidit.
1331 817 1479 827 -...

225 936 509 1017 Queuanucnuu
540 934 629 1012 (lain,
656 957 727 999 cum
754 933 927 1019 accepisset
959 933 1122 999 consilium
1154 956 1175 999 a
1212 935 1315 1015 ¹Deo,

158 1038 204 1103 uti
230 1039 420 1125 ²quiesceret
443 1038 475 1102 in
502 1060 540 1104 eo
571 1038 654 1124 quod
676 1060 739 1102 nou
760 1047 845 1102 recte
867 1036 1022 1102 divisisset
1047 1059 1117 1102 eam
1146 1060 1216 1124 quac
1241 1061 1316 1126 erga
1328 1070 1416 1155 Ἥ,
1416 1072 1444 1155 p,

158 1143 286 1208 fratrem
301 1151 369 1207 erat
383 1140 706 1219 communicationem,
723 1142 778 1206 sed
793 1162 865 1206 cum
880 1139 945 1206 zelo
960 1148 993 1205 et
1007 1140 1125 1206 malitia
1139 1142 1315 1228 suspicatus
1328 1127 1368 1156 ’ω’
1437 1144 1444 1156 ’

158 1256 208 1312 est
221 1269 313 1333 posse
328 1247 480 1312 dominari
495 1248 589 1334 ⁸ejus,
605 1267 669 1310 uon
683 1245 784 1310 solum
800 1251 878 1311 ⁴nou
893 1244 1057 1331 acquievit,
1076 1246 1131 1311 sed
1150 1254 1183 1311 et
1200 1247 1315 1334 adjecit

158 1359 322 1438 peccatum
350 1373 444 1437 super
471 1358 644 1437 peccatum,
674 1349 878 1414 manifestans
906 1349 1111 1414 ³seutentiam
1140 1371 1230 1414 suam
1260 1372 1316 1437 per

158 1454 369 1539 operationem
393 1474 494 1518 suam.
539 1451 630 1533 Quod
655 1451 740 1516 enim
763 1451 913 1538 cogitavit
936 1450 996 1516 hoc
1022 1459 1056 1516 et
1080 1461 1226 1537 operatus
1254 1460 1314 1541 est,

158 1557 336 1622 dominatus
352 1563 402 1622 est
424 1564 456 1621 et
478 1554 633 1621 interfecit
650 1576 732 1633 eum,
753 1554 938 1641 subjiciente
957 1555 1026 1621 Deo
1047 1555 1168 1641 justum
1186 1557 1315 1643 injusto,

159 1667 196 1725 ut
211 1660 261 1725 ille
275 1658 402 1744 quidem
416 1662 473 1724 ⁶ex
497 1658 536 1722 iis
550 1679 620 1745 quae
634 1679 746 1744 passus
760 1666 810 1722 est
824 1659 929 1744 justus
944 1658 1144 1734 ostendatur3
1170 1660 1221 1726 hic
1241 1684 1315 1728 vero

159 1786 216 1850 per
236 1785 275 1828 ea
295 1784 365 1850 quae
386 1760 551 1837 commisit,
574 1760 773 1848 detegeretur
794 1761 937 1846 injustus.
984 1761 1029 1826 Et
1052 1784 1091 1828 ne
1114 1762 1160 1827 sic
1189 1764 1313 1849 quidem

159 1866 324 1954 mitigatus
338 1871 398 1943 est,
414 1885 472 1929 nec
488 1862 604 1950 quievit
621 1885 718 1949 super
735 1864 854 1929 lactum
873 1864 1009 1940 malum3
1029 1866 1085 1931 sed
1104 1865 1315 1954 interrogatus

159 1967 212 2033 ubi
227 1975 310 2033 esset
323 1967 437 2031 ⁷frater
450 1965 528 2051 ejus,
551 1964 673 2041 Nescio,
689 1964 753 2041 ait,
775 1966 927 2052 namquid
943 1968 1163 2052 ecstosftatris
1175 1969 1235 2032 mei
1248 1990 1315 2034 scm
1327 1988 1379 2027 ces.
1389 1988 1416 2026 u.
1424 1990 1442 2027 n

160 2071 235 2156 epo?
257 2070 429 2136 extendeus
443 2077 475 2134 et
489 2067 700 2154 multiplicans
714 2069 831 2134 malum
845 2093 901 2156 per
914 2071 1157 2157 responsionem.
1187 2072 1315 2138 Etenim

51 2201 79 2239 ο.
91 2200 136 2239 eoa
159 2173 186 2238 si
201 2175 316 2239 malum
337 2182 386 2240 est
401 2172 540 2239 occidere
560 2172 696 2250 fratrem,
713 2173 810 2238 multo
824 2175 914 2260 pejus
931 2174 976 2239 sic
995 2175 1144 2241 audacter
1158 2186 1190 2243 et
1205 2177 1316 2244 irreve-

159 2288 263 2344 rentes
281 2278 467 2365 respondere
485 2277 590 2342 omnia
607 2277 718 2342 scienti
739 2277 821 2356 Deo,
842 2278 930 2363 quasi
951 2279 1050 2364 possit
1071 2280 1212 2345 frustrari
1232 2304 1315 2349 eum.

162 2381 296 2467 Propter
308 2380 369 2446 hoc
383 2388 416 2446 et
431 2381 497 2468 ipse
512 2379 759 2445 maledictionem
774 2381 918 2466 portavit,
940 2381 1086 2468 quoniam
1101 2396 1138 2448 ⁸a
1157 2405 1192 2448 se
1207 2406 1314 2470 pecca-

160 2489 229 2546 tum
243 2481 358 2562 attulit‚
373 2504 436 2547 non
450 2480 600 2548 reveritus
615 2481 728 2560 Deum,
744 2503 845 2567 neque
859 2483 1005 2547 confussus
1020 2482 1052 2547 in
1066 2483 1260 2569 ”parricidis

212 2656 709 2734 1n00suu02uu0ueyoreue'cma.‚
763 2670 825 2732 seps
836 2669 886 2718 um
897 2667 940 2732 ιφ·
951 2670 1043 2728 escae,
1061 2670 1077 2719 r.
1087 2686 1108 2718 e.
1123 2670 1195 2729 eveo,
1209 2671 1314 2733 ,musi-

163 2753 271 2802 annun.
290 2751 340 2799 and
351 2750 431 2801 Voss.
444 2751 521 2802 MSS.
534 2753 559 2801 in
571 2753 603 2801 its
615 2752 711 2801 favour.
762 2751 838 2813 cestu,
857 2749 975 2799 rendered
992 2751 1027 2815 by
1037 2752 1080 2799 the
1095 2751 1230 2800 translator
1244 2770 1261 2801 ο
1276 2768 1316 2810 ³05

164 2834 259 2883 Gaas}
286 2832 393 2897 adopted
420 2832 526 2882 Domino
552 2834 617 2882 from
644 2833 715 2882 other
762 2832 788 2880 in
805 2832 848 2880 the
863 2833 932 2880 word
946 2840 1070 2895 ροοωιοοι
1088 2833 1156 2882 there
1175 2850 1234 2899 may
1251 2835 1283 2883 be
1300 2852 1316 2885 a

162 2931 269 2964 sources.
761 2914 821 2978 play
832 2929 900 2977 upon
916 2915 959 2963 the
973 2914 1062 2964 double
1073 2931 1143 2964 sense
1158 2916 1187 2965 ol
1197 2917 1240 2964 the
1251 2921 1315 2966 term

211 2993 223 3024 ¹
239 2994 271 3042 In
289 2993 395 3042 allusion
414 2998 441 3042 ιο
463 2993 507 3042 the
528 2993 616 3043 Lxx.
635 2997 715 3041 trans·
763 2995 860 3066 Πιιφῃ,
872 2994 1316 3063 riu,andrin-offerinp;theoriginal

162 3073 247 3133 lation,
262 3075 304 3122 οὐκ
321 3074 363 3122 ela
374 3074 448 3135 ὀρθῶς
459 3074 627 3135 προσενέγκῃς,
642 3074 716 3136 ὀρθῶς
762 3075 844 3139 being,
859 3077 896 3125 dre
908 3077 950 3139 ἀφ’
964 3078 1050 3127 ἑαυτοῦ
1060 3080 1105 3138 τὴν
1116 3079 1235 3142 ἁμαρτιας
1243 3099 1316 3143 προσ·

163 3157 189 3204 δὲ
200 3158 227 3204 οὐ
238 3158 323 3217 bathne,
338 3156 443 3217 ἥμαρτες
452 3171 459 3213 ;
477 3156 609 3216 amma.
763 3158 869 3218 ήνεγκεν,
889 3158 1014 3222 meaning,
1035 3164 1080 3209 not
1097 3176 1130 3208 au
1147 3160 1248 3224 offer-iay
1260 3162 1313 3224 sm,

211 3235 222 3267 ⁸
239 3237 377 3300 Follovving
388 3237 431 3285 the
442 3234 524 3285 Greek
536 3236 713 3286 construction.
763 3238 817 3298 but,
830 3238 860 3301 of
867 3238 913 3288 aiu.
942 3240 995 3288 The
1003 3241 1146 3289 Careamus
1155 3242 1212 3293 MS.
1222 3245 1266 3292 has
1272 3244 1316 3293 the

211 3318 222 3349 ⁴
240 3320 339 3370 Cursu.
359 3334 408 3368 nort
418 3319 495 3368 colum
506 3318 631 3382 acquievit,
643 3319 685 3368 aad
695 3326 716 3368 et
762 3335 866 3383 passage
877 3337 905 3368 as
916 3321 989 3384 given
1001 3322 1026 3369 in
1038 3322 1081 3370 the
1091 3326 1152 3383 text,
1166 3325 1213 3373 but
1224 3325 1313 3376 Mune.

163 3401 265 3450 ermeli.
764 3412 794 3448 11.
810 3400 881 3457 tulit,¹
899 3402 987 3461 which,
1001 3403 1108 3454 without
1124 3405 1247 3454 sufficient
1263 3423 1315 3456 rea·

212 3482 329 3532 Ι’ἔννοιαν
351 3482 457 3547 perhaps
479 3481 500 3530 is
520 3497 536 3530 a
551 3498 619 3531 more
640 3481 716 3547 likely
764 3499 816 3543 son,
833 3484 878 3532 has
894 3485 956 3533 been
971 3485 1079 3549 adopted
1095 3488 1129 3551 by
1144 3487 1281 3540 Manem.

165 3563 233 3612 word
248 3565 287 3613 t'or
303 3565 346 3612 the
363 3562 468 3626 original
482 3566 544 3622 text,
562 3564 624 3612 than
638 3565 716 3612 either
813 3565 892 3615 ⁹'I'hc
914 3573 978 3616 tenu
1000 3569 1077 3617 found
1094 3569 1120 3617 iu
1139 3570 1182 3619 the
1205 3572 1315 3633 Cusum,

164 3646 254 3706 βουλὴν
264 3662 292 3693 ος
303 3646 407 3706 γνώμην,
421 3660 449 3692 as
460 3645 592 3709 suggested
602 3646 637 3710 by
648 3646 697 3695 Gn.
764 3650 816 3697 AB.
830 3649 879 3697 and
890 3649 971 3700 Voss.
986 3650 1062 3700 MSS.
1072 3652 1240 3701 isrestoredin
1247 3654 1317 3718 place

214 3724 225 3755 ⁰
241 3726 351 3786 Cusum,
364 3725 445 3775 Voss.
455 3741 500 3788 per
511 3742 555 3782 ec,·
570 3728 617 3777 but
629 3729 655 3776 ἐκ
667 3729 716 3776 τῶν
764 3730 793 3777 ct'
795 3729 950 3792 fratricidio,
959 3747 986 3780 as
998 3732 1075 3780 found
1086 3733 1111 3781 in
1123 3735 1166 3782 the
1178 3734 1245 3783 Eoo.
1263 3736 1317 3784 The

167 3808 320 3855 smerdem
340 3806 460 3871 certainly
481 3823 558 3857 seeum
582 3808 625 3857 the
648 3825 717 3858 more
764 3812 840 3860 crime
856 3813 886 3860 of
895 3812 1024 3875 ponieide
1034 3813 1168 3863 alonevvas
1183 3815 1274 3864 known
1289 3822 1317 3865 to

167 3886 242 3951 likely
264 3889 441 3938 construction.
473 3889 526 3939 'she
548 3906 615 3939 same
637 3890 715 3940 MSS.
765 3894 808 3942 the
818 3894 874 3954 lave,
883 3896 930 3944 but
940 3896 961 3943 it
972 3895 1101 3944 embraced
1110 3896 1152 3944 the
1163 3913 1218 3945 case
1229 3897 1258 3946 ol
1265 3914 1317 3962 any

167 3968 225 4017 read
236 3984 264 4017 a
274 3968 306 4017 iia
318 3968 344 4017 in
354 3969 398 4018 the
408 3975 468 4020 next
478 3970 528 4019 line
539 3972 578 4020 lor
586 3988 631 4035 per
640 3988 675 4021 ec
765 3975 854 4040 degree
867 3976 895 4024 of
909 3977 1014 4042 affinity‚
1034 3994 1055 4026 e.
1063 3994 1087 4041 g.
1102 3978 1134 4025 Iu
1145 3977 1197 4040 ipsc
1202 3978 1317 4041 frotmaro

215 4050 226 4082 ⁷
243 4051 295 4100 The
307 4051 374 4102 Eun.
387 4052 445 4102 here
456 4053 606 4115 insertdbel,
618 4054 664 4105 but
675 4055 717 4103 the
762 4055 902 4119 parricidio
923 4057 1021 4105 nullum
1042 4058 1117 4107 scelus
1135 4059 1317 4121 pmermiriaec

167 4132 235 4181 word
247 4133 268 4180 is
279 4138 325 4181 not
335 4133 394 4181 read
405 4134 431 4182 in
442 4151 492 4198 any
504 4134 562 4185 MS.
764 4137 865 4187 tidelm.
886 4138 940 4188 010.
950 4155 999 4201 pre
1011 4139 1065 4190 ctu.
1080 4153 1109 4189 11.
1144 4140 1317 4190 Parricidium

215 4216 505 4277 ‘Gaassreadscdea
520 4219 566 4266 but
581 4218 685 4267 allusion
696 4219 717 4267 is
760 4219 822 4282 filii.
848 4220 907 4269 Ltv.
932 4233 992 4270 vm.
1019 4236 1057 4272 11.
1091 4223 1144 4272 'l'he
1166 4224 1264 4284 author,
1288 4241 1316 4273 ae

165 4299 237 4347 made
251 4304 278 4348 to
294 4298 376 4348 Caiu's
390 4298 468 4347 willul
482 4299 533 4348 and
545 4299 624 4349 sulleu
635 4300 717 4349 denial
766 4301 862 4364 subject
879 4307 906 4350 to
923 4302 1022 4351 Roman
1039 4304 1093 4363 low,
1108 4320 1166 4369 may
1178 4306 1241 4354 have
1256 4306 1317 4355 used

166 4382 195 4429 os
202 4382 245 4430 the
256 4381 336 4441 truth,
352 4380 402 4429 and
416 4386 442 4429 to
457 4382 496 4429 his
507 4382 545 4429 sin
558 4382 584 4430 in
599 4381 716 4430 burbour·
766 4383 809 4430 the
822 4382 1016 4446 corresponding
1027 4385 1109 4433 Greek
1123 4391 1194 4446 term,
1207 4388 1253 4435 but
1264 4387 1285 4435 it
1295 4388 1316 4436 is

167 4464 211 4525 ing
231 4463 318 4511 malicc
336 4462 363 4510 iu
381 4461 419 4510 his
437 4461 508 4511 beart
525 4462 597 4510 while
615 4462 718 4525 offeriug
765 4480 834 4513 more
850 4463 925 4527 likely
944 4466 998 4513 that
1016 4468 1188 4527 ἀδελφοκτονία
1202 4469 1273 4517 οιοοςι
1291 4471 1316 4517 iu

167 4545 275 4594 sacrifice
291 4551 318 4594 ιο
332 4544 397 4593 (tol.
426 4544 479 4591 'l'lre
496 4544 578 4593 Greek
592 4549 646 4593 text
663 4560 715 4608 per·
766 4545 808 4591 the
820 4543 931 4603 original.
