3000 4994
571 357 876 414 ramaoanauus.
1234 349 1299 415 231

147 509 358 575 contribulatos
378 512 475 590 eorde,
489 533 672 597 procreatore
690 515 822 599 captiuis
840 514 1052 594 remissionem,
1076 517 1210 580 acac-ia
1228 517 1300 582 oisi-
1336 539 1438 580 mam.

1335 586 1415 625 xxxvii.
1425 589 1442 625 1.

145 632 240 677 mam.
277 613 487 698 Semetipsum
510 635 633 699 quoque
649 615 816 681 ostendens
836 617 1079 701 praenuntiatum
1094 621 1108 671 .¹
1117 639 1173 704 per
1196 618 1300 683 Esaiae
1320 632 1453 718 ffislgqgl·

145 715 352 800 prophetiam,
372 717 495 782 dicebat
515 717 580 781 eis:
613 717 715 782 Hodie
736 717 905 803 adimpleta
928 727 970 782 eat
994 719 1160 805 Scriptura
1181 719 1245 784 haee
1266 720 1301 784 ic
1317 725 1458 810 Q

146 817 275 883 cambas
295 821 413 885 timrid-
1312 851 1362 892 Luc.
1371 852 1398 892 tv.
1407 853 1438 892 21.

212 921 243 982 2.
289 919 424 1006 Propter
442 920 503 985 hoe
523 923 576 984 ²et
591 918 765 1006 Philippus,
782 941 854 985 cum
873 918 1042 985 invenisset
1061 920 1237 986 eunuchum
1252 943 1299 986 re-

145 1021 227 1108 ginae
250 1023 440 1110 AEthiopum
462 1023 617 1110 legentem
638 1044 676 1087 ea
697 1046 767 1108 quae
788 1023 905 1109 scripta
925 1031 1016 1088 sunt:
1044 1024 1300 1104 Quemadmodum
1310 1037 1442 1133 gavit-²⁷

145 1125 209 1188 ocis
227 1126 273 1189 ad
290 1126 445 1189 aictiraom
464 1126 570 1190 doctae
589 1134 640 1203 aet,
662 1134 690 1188 at
707 1125 959 1211 qoemaaaodam
978 1149 1073 1212 wara
1093 1127 1128 1190 ia
1145 1137 1299 1214 compacta
1312 1129 1441 1175 wll-⁷·

145 1226 295 1291 tondentis
304 1229 369 1292 aaa
383 1250 459 1305 coeo,
474 1228 518 1291 sic
532 1249 592 1291 aaa
606 1227 730 1312 aperuit
743 1248 774 1291 oa
784 1249 882 1293 mum.
908 1228 952 1291 Ia
965 1227 1136 1295 humilitate
1142 1228 1300 1312 pacticiam

145 1332 209 1414 ejas
233 1331 370 1397 abtum
392 1342 450 1405 est·
474 1339 507 1396 et
528 1332 646 1418 reliqua
667 1353 858 1418 quaecunque
880 1334 919 1397 de
941 1333 1084 1418 passione
1106 1336 1184 1421 ejus,
1206 1342 1239 1399 et
1260 1336 1300 1401 de

145 1435 260 1499 carnali
274 1435 418 1513 adventu,
434 1441 467 1500 et
481 1435 741 1521 quemadmodum
755 1435 959 1501 inhonoratus
972 1443 1022 1503 est
1035 1458 1055 1501 a
1069 1458 1132 1501 non
1147 1437 1299 1503 credenti·

145 1539 205 1602 bus
218 1538 258 1618 ei,
278 1538 494 1624 ³pertransiuit
511 1539 685 1625 propheta;
711 1538 802 1604 facile
822 1539 921 1604 suasit
940 1539 969 1604 ei
989 1540 1113 1605 credere
1132 1562 1215 1619 eum,
1230 1562 1300 1606 esse

147 1640 306 1707 Christum
326 1641 449 1720 desum,
471 1642 524 1728 qui
543 1643 602 1706 sub
623 1640 739 1706 Pontio
754 1640 859 1706 Pilato
878 1643 1044 1707 crucifixus
1061 1650 1119 1720 est,
1141 1652 1173 1708 et
1189 1665 1300 1727 passus

146 1752 195 1810 est
214 1767 405 1832 quaecunque
423 1744 570 1832 praedixit
590 1744 751 1830 propheta,
772 1766 904 1831 eumque
924 1766 997 1821 esse,
1014 1744 1131 1809 Filium
1151 1746 1223 1824 Dei,
1246 1747 1299 1831 qui

145 1855 295 1912 aeternam
309 1848 405 1912 vitam
418 1847 597 1913 hominibus
614 1847 680 1912 dat.
715 1845 761 1910 Et
775 1847 884 1912 statim
898 1855 933 1912 ut
948 1847 1116 1933 baptisavit
1130 1870 1213 1927 eum,
1228 1850 1299 1914 abs-

145 1951 239 2015 cessit
250 1952 291 2015 ab
302 1972 350 2016 eo.
386 1950 474 2015 Nihil
488 1950 573 2015 enim
588 1949 673 2014 aliud
685 1948 790 2014 deerat
801 1949 832 2014 ei
843 1949 895 2035 qui
907 1971 927 2013 a
938 1949 1097 2036 prophetis
1108 1951 1210 2015 luerat
1220 1973 1300 2037 prae·

145 2054 372 2118 catechisatus:
396 2075 459 2118 non
482 2053 586 2117 Deum
609 2052 749 2131 Patrem,
772 2074 836 2118 non
858 2053 1101 2119 conversationis
1123 2054 1297 2140 dispositio·

145 2177 226 2234 nem,
242 2156 298 2220 sed
312 2156 413 2220 solum
427 2155 594 2220 adventum
609 2156 773 2242 ignorabat
789 2154 861 2219 Filii
875 2155 956 2230 Dei;
972 2177 1064 2243 quem
1079 2178 1151 2222 cum
1165 2157 1299 2222 breviter

146 2259 349 2346 cognovisset,
380 2261 494 2347 agebat
519 2259 580 2323 iter
608 2259 759 2346 gaudens,
787 2280 890 2344 praeco
914 2260 1038 2324 intuma
1066 2260 1098 2323 in
1128 2259 1299 2346 AEthiopia

146 2360 261 2427 Christi
283 2362 445 2428 adventus.
492 2362 688 2446 Quapropter
707 2382 770 2425 non
784 2363 934 2427 ⁴multum
953 2362 1105 2429 laboravit
1123 2363 1207 2429 eirca
1225 2386 1298 2429 eum

146 2464 320 2550 Philippus,
335 2465 503 2552 ⁶quoniam
523 2472 590 2529 erat
604 2464 636 2528 in
651 2464 763 2529 timore
782 2465 844 2530 Dei
867 2474 1059 2552 praeaptatus
1083 2488 1104 2529 a
1126 2465 1297 2551 prophetis.

146 2568 279 2655 Propter
289 2569 349 2636 hoc
359 2579 464 2634 autem
473 2575 506 2635 et
514 2568 656 2655 apostoli,
666 2589 739 2633 oves
750 2568 932 2654 colligentes
942 2590 1012 2654 quae
1024 2568 1178 2653 perierant
1186 2569 1298 2633 domus
1309 2581 1369 2622 flet
1378 2583 1426 2626 aa

147 2671 254 2750 Israel,
278 2673 318 2737 de
344 2671 512 2758 Scripturis
532 2672 723 2757 alloquentes
743 2692 807 2749 eos,
830 2670 1036 2736 ostendebant
1059 2670 1173 2736 Jesum
1198 2670 1297 2736 eruci-

145 2773 242 2837 fixum
257 2773 339 2838 hunc
354 2795 423 2838 esse
438 2773 597 2839 Christum
619 2773 736 2837 Filium
750 2773 812 2837 Dei
826 2772 897 2850 vivi,
912 2780 945 2837 et
963 2794 1110 2859 magnam
1124 2771 1298 2837 multitudi-

145 2898 217 2940 nem
237 2877 420 2956 suadebant,
444 2898 514 2963 quae
532 2885 637 2942 tamen
658 2875 795 2940 habebat
813 2876 955 2941 timorem
974 2875 1015 2939 ad
1036 2875 1159 2939 Deum:
1183 2885 1216 2939 et
1235 2897 1298 2940 una

145 2980 195 3044 die
209 2980 356 3066 baptisati
371 2988 445 3045 sunt
459 2980 620 3045 hominum
634 2980 695 3044 tria
709 2979 813 3058 millia,
829 2986 862 3044 et
876 2987 1018 3065 quatuor,
1033 2982 1084 3044 ⁶et
1098 2979 1243 3066 quinque.
1309 2996 1357 3081 qq
1366 2995 1425 3081 pq·

545 3187 647 3253 OAP.
671 3185 891 3252 XXXVIII.

209 3325 333 3415 Qaiare
351 3320 497 3397 Paulas
513 3319 658 3394 elicitae
671 3319 759 3418 plue
775 3344 888 3418 quam
905 3346 1026 3394 orienes
1044 3319 1237 3396 laborasse.

146 3492 175 3554 1.
214 3489 375 3552 Proerna
388 3486 448 3551 hoc
463 3494 496 3551 et
512 3485 640 3563 Paulus,
656 3484 798 3571 gentium
815 3485 988 3570 Apostolus
1002 3507 1074 3550 eum
1091 3495 1191 3551 esset:
1216 3486 1298 3551 Plus

145 3595 196 3670 eia,
218 3593 328 3677 inquit,
351 3591 485 3655 omnibus
500 3590 649 3654 bboraoc'.
697 3588 763 3654 Illis
778 3589 860 3653 enim
881 3589 980 3654 facilis
1000 3589 1202 3655 catechisatio
1226 3590 1457 3667 suit,1001.„,1a

143 3696 285 3761 videlieet
308 3718 380 3761 eum
403 3717 442 3759 ex
466 3694 635 3779 Scripturis
658 3692 809 3757 haberent
835 3692 1038 3769 ostensiones,
1061 3695 1110 3756 ⁷et
1134 3692 1186 3777 qui
1204 3691 1295 3776 Moy-

142 3823 208 3866 sem
228 3808 261 3865 et
284 3800 451 3886 prophetae
472 3798 651 3876 audiebant,
674 3804 707 3861 et
729 3795 819 3860 facile
838 3795 1029 3880 recipiebant
1055 3794 1296 3881 primogenitum

190 3954 201 3987 ¹
217 3956 270 4003 'I'he
282 3955 382 4003 Cunna.
398 3953 472 4003 omits
480 3968 533 4015 per,
546 3968 573 4000 as
584 3953 627 4000 the
638 3952 689 3999 Aa.
743 3948 800 3996 God
811 3963 862 3995 was
874 3948 900 3995 in
911 3948 949 3995 his
960 3948 1038 4006 beart,
1051 3946 1101 3994 and
1113 3946 1172 4011 only
1183 3948 1296 4011 required

142 4037 228 4086 Esaia.
265 4035 693 4094 Vnu.,V0.,M1tae.11.havepcr
743 4035 769 4078 to
781 4030 811 4078 be
823 4029 950 4092 definime
961 4028 1083 4091 adjusted.

138 4117 289 4180 prophetam,
304 4117 335 4166 al.
344 4132 391 4179 per
398 4115 536 4179 prophetas.
792 4111 802 4143 ⁵
823 4112 877 4171 Cn,
896 4111 985 4170 Voss,
995 4111 1046 4158 Aa.
1077 4110 1144 4172 qaia,
1158 4110 1246 4161 Mane.
1263 4125 1293 4163 11.

190 4199 201 4230 ⁹
217 4206 237 4248 et
249 4199 353 4248 omitted
364 4200 390 4247 in
401 4199 443 4246 the
455 4199 505 4246 Aa.
743 4195 760 4243 s.
769 4195 785 4244 l.
798 4194 859 4256 qaia
867 4194 929 4256 jam,
947 4194 985 4241 tn
997 4194 1033 4252 δή.

190 4280 200 4310 ³
218 4283 323 4339 διῆλθεν.
792 4275 802 4305 ⁰
814 4276 943 4324 Missum
949 4276 1041 4339 prefers
1047 4274 1091 4324 ecl.
1105 4274 1297 4339 Butetquiaqua

190 4361 270 4410 ⁴'l'he
285 4362 375 4410 author
388 4361 473 4409 thinks
488 4361 508 4407 it
524 4361 693 4421 necessaryto
743 4357 813 4406 reads
821 4358 1023 4421 liheamarginal
1031 4357 1175 4409 correction.
1200 4358 1295 4409 Itisno

141 4448 206 4491 state
227 4444 285 4507 why
307 4444 350 4492 the
372 4442 507 4506 Ethiopian
525 4440 622 4489 eunuch
641 4454 692 4488 was
743 4439 824 4488 where
841 4439 934 4487 related
953 4439 1010 4488 that
1024 4438 1088 4500 sorar
1108 4438 1228 4489 moaraad
1244 4457 1295 4491 was

142 4525 262 4573 admitted
276 4529 303 4572 to
315 4525 424 4588 baptism
435 4523 542 4571 without
552 4536 620 4569 more
630 4520 692 4569 than
743 4536 758 4567 a
769 4520 869 4569 definite
881 4520 986 4568 number
999 4521 1028 4569 of
1040 4528 1162 4571 converte.

142 4621 174 4654 an
186 4606 331 4670 apparently
343 4604 482 4670 superficiei
495 4601 633 4659 caetae·
646 4602 693 4650 but
792 4601 802 4633 ⁷
820 4601 939 4652 Libenter
949 4602 1062 4667 legerem,
1073 4609 1094 4652 et
1104 4602 1175 4666 qaia.
1188 4603 1302 4653 esaar..

144 4688 173 4735 he
190 4702 240 4734 was
256 4685 356 4748 alremly
366 4685 485 4750 prepared
491 4703 499 4745 ,-
517 4685 559 4735 the
576 4683 654 4733 Word
669 4683 697 4735 of
745 4684 805 4749 Pro,
817 4693 898 4752 utpote
909 4685 1069 4752 quibimus.
