3000 4994
413 422 518 476 DONA
545 423 808 477 Aocouuonaw
833 424 943 478 DEUS.
1184 411 1250 477 296

100 583 255 676 γεγονὼς,
279 581 439 660 &divavar
467 582 504 665 ἦν
527 585 647 671 λαβεῖν
675 583 767 666 αὐτό,
794 580 812 666 ή
839 583 892 654 καῖ
918 583 1036 671 λαβὼν
1053 581 1250 683 χωρήσαι,ή
1287 596 1388 685 QX·

99 696 152 765 καῖ
173 701 328 795 χωρήσας
346 706 540 791 κατασχεῖν.
594 694 664 766 Kal
692 693 744 766 dccl
765 702 871 768 τοῦτο
900 696 1130 799 συνενηπῖαζεν
1150 697 1250 773 ιΥἱός
1289 692 1384 777 ἭῩ·

100 813 164 879 τοῦ
189 809 284 892 Θεοῦ,
310 809 437 885 τέλειος
458 807 509 893 εῖν,
535 811 584 897 τῷ
613 809 782 906 ἀνθρώπῳ,
811 809 848 879 ori
874 807 915 880 δι’
939 810 1064 894 ἔαυτόν,
1085 809 1178 882 ἀλλά
1196 808 1249 880 διὰ
1273 783 1401 871 iffi&

99 922 221 992 τόπου
238 921 412 1019 ἀνθρώπου
431 925 545 1004 νήπιον
563 919 648 993 οὕτω
665 922 878 1019 χωρούμενος,
899 924 940 998 ιόε
959 922 1130 1022 ἅνθρωπος
1148 922 1250 993 αὖτόν

101 1043 220 1132 χωρεῖν
252 1032 401 1117 ήόόνατο.
457 1034 509 1103 Ol
539 1034 616 1132 περῖ
645 1035 707 1106 τόν
735 1033 822 1104 Θεὸν
847 1031 907 1118 μέν
938 1035 982 1107 τό
1011 1033 1172 1108 ἀδύνατον
1195 1035 1250 1106 καῖ

100 1145 208 1231 ἐνδεὲς,
235 1144 327 1217 ἀλλὰ
352 1145 428 1245 περῖ
466 1145 528 1219 τόν
557 1145 674 1217 νεωστῖ
714 1148 884 1238 γεγονότα
914 1145 1096 1246 ἄνθρωπον,
1122 1150 1177 1220 ότι
1204 1149 1249 1231 μή

100 1259 277 1350 ἀγέννητοι
309 1259 357 1343 ήν.
413 1258 502 1357 Περὶ
536 1260 598 1331 τόν
632 1259 718 1329 θεόν
749 1256 878 1343 δόναμις
914 1262 1007 1344 ὁμοῦ,
1038 1261 1091 1331 καῖ
1129 1262 1247 1361 σοφία,
1261 1316 1406 1359 mmm

98 1372 152 1442 καῖ
182 1372 353 1463 ἆγαθότηε
382 1367 551 1442 δείκνυται·
595 1368 724 1455 δύναμις
755 1369 815 1455 μὲν
845 1370 900 1442 καῖ
929 1374 1110 1463 ἀγαθότηε,
1140 1376 1173 1444 έν
1200 1380 1249 1463 τῷ
1261 1363 1397 1451 iffld'an

98 1482 144 1557 τὰ
166 1482 299 1568 μηδέπω
319 1486 401 1556 ὅντα
421 1483 570 1560 ἑκουσῖωε
591 1482 713 1583 κτίζειν
733 1515 775 1556 τε
802 1483 855 1555 καῖ
880 1495 995 1556 ποιεῖν·
1025 1486 1135 1584 σοφία
1153 1483 1196 1569 δέ,
1216 1487 1250 1556 έν
1262 1456 1356 1497 mm

99 1600 149 1688 τῷ
167 1599 316 1696 εὔρυθμα,
338 1596 392 1667 καῖ
414 1597 547 1680 ε’μμελή,
569 1595 623 1667 καῖ
647 1593 894 1687 2έγκατόσκευα
918 1595 964 1670 τὰ
990 1597 1162 1689 γεγονότα
1191 1630 1250 1669 πε·

99 1710 276 1791 ποιηκέναι.
320 1705 448 1780 ’Άτινα
476 1707 528 1780 διὰ
547 1709 608 1792 τήν
626 1710 909 1807 ὑπερβάλλουσαν
926 1711 1028 1783 αὐτοῦ
1047 1711 1249 1802 ἇγαθότητα

99 1820 234 1918 αὔξησιν
253 1823 513 1920 προσλαβόντα,
537 1821 591 1892 καῖ
613 1821 668 1892 inl
694 1831 812 1892 πλεῖον
840 1823 1046 1907 ἐπιμένοντα,
1071 1823 1251 1915 ἆγεννήτου

99 1933 200 2029 δόξαν
228 1934 418 2018 ἆποῖσεται,
440 1939 503 2006 τοῦ
531 1934 619 2004 Θεοῦ
642 1933 797 2032 ἆφθόνως
820 1933 1042 2036 χαριζομένου
1065 1935 1109 2008 τό
1134 1933 1249 2008 καλόν.

98 2045 202 2119 Κατὰ
228 2045 288 2131 μέν
316 2045 359 2118 τό
390 2050 589 2138 γεγενῆσθαι
608 2044 701 2130 αὐτὰ,
730 2047 785 2117 οὖκ
811 2046 985 2138 ἆγέννιιτα·
1025 2046 1112 2121 κατὰ
1146 2048 1181 2120 δέ
1206 2048 1250 2122 τό

98 2161 297 2259 παραμένειν
329 2157 412 2230 αὐτὰ
446 2170 583 2258 μακροῖς
618 2161 723 2243 αι’ὣσι,
762 2156 892 2243 δύναμιν
925 2160 1106 2251 ἆγεννήτον
1141 2193 1251 2260 προσ-

98 2270 262 2368 λήψεται,
297 2277 361 2343 τοῦ
394 2272 482 2343 θεοῦ
515 2280 638 2371 προῖκα
671 2269 872 2371 δωρουμένου
905 2273 1016 2351 αὐτοῖς
1050 2273 1111 2357 τήν
1145 2276 1249 2346 cinaei

98 2389 302 2484 παραμονήν.
378 2474 384 2485 ¹

96 2582 179 2639 terat
201 2573 275 2637 illud
298 2571 448 2658 accipere,
472 2572 518 2638 vel
539 2572 694 2658 accipiens
716 2592 837 2656 capere,
860 2571 908 2637 vel
930 2571 1056 2659 capiens
1077 2575 1247 2642 continere.

99 2678 144 2745 Et
158 2686 283 2765 propter
304 2678 363 2744 hoo
378 2679 613 2744 eoinlantiatum
628 2685 678 2743 est
698 2677 816 2741 homini
833 2677 975 2743 Verbum
997 2678 1058 2743 Dei
1074 2702 1146 2745 oum
1165 2691 1249 2748 esset

98 2783 262 2868 perfectus,
277 2804 340 2847 non
354 2791 480 2867 propter
490 2803 536 2855 se,
552 2782 608 2847 sed
622 2789 748 2868 propter
762 2781 896 2846 hominis
911 2780 1074 2846 infantiam
1088 2784 1134 2849 sie
1148 2806 1248 2873 capax

98 2884 235 2961 effectus,
260 2883 520 2970 quemadmodum
545 2883 639 2947 homo
660 2882 746 2946 illum
767 2903 878 2969 capere
899 2885 1012 2970 potuit.
1059 2885 1132 2950 Non
1153 2887 1250 2974 igitur

97 2990 191 3073 ³ergo
213 2986 318 3051 Deum
341 2983 531 3071 impossibile
556 2989 606 3050 ⁴et
628 2983 782 3072 indigens,
802 2985 859 3050 sed
883 2985 967 3051 eirea
991 3007 1063 3052 eum
1088 2989 1142 3077 qui
1167 3011 1250 3057 nune

96 3110 195 3174 nuper
205 3090 307 3154 laetus
320 3098 370 3153 est
383 3088 496 3163 homo;
513 3088 660 3175 quoniam
673 3109 737 3153 non
750 3087 902 3154 ⁴inleotus
912 3097 990 3156 erat.
1026 3088 1131 3180 ³l'lrga
1146 3094 1250 3160 Deum

95 3200 202 3256 autem
216 3191 313 3256 virtus
326 3190 428 3268 simul,
439 3198 473 3255 et
487 3191 650 3277 sapientia,
666 3198 700 3256 et
713 3190 839 3256 bonitas
853 3191 1045 3258 ostenditur:
1068 3195 1168 3262 virtus
1182 3198 1250 3284 qui·

96 3295 168 3359 dem
182 3303 215 3360 et
229 3294 353 3360 bonitas
367 3294 401 3358 in
420 3315 457 3358 eo
472 3295 555 3380 quod
569 3315 617 3373 aa
633 3314 704 3380 quae
722 3295 861 3359 nondum
875 3302 974 3375 erant,
990 3296 1162 3365 voluntarie
1176 3322 1250 3366 oon-

95 3399 233 3464 stituorit
242 3407 275 3464 et
290 3398 416 3472 lecerit3
440 3398 595 3484 sapientia
604 3418 678 3463 vero
692 3397 724 3462 in
739 3419 787 3476 eo,
803 3399 886 3483 quod
900 3406 976 3484 apta
987 3409 1020 3465 et
1034 3404 1248 3484 oonsonantio,

96 3523 166 3587 quae
186 3510 270 3580 sunt,
291 3503 408 3568 lecerit.
451 3502 618 3584 ‘Quadam
639 3510 745 3567 antem
765 3512 892 3588 propter
910 3503 1095 3571 immensam
1109 3508 1177 3594 ejus
1196 3509 1249 3574 be-

95 3603 281 3690 nignitatem
295 3613 498 3692 augmentum
512 3604 728 3690 “accipientia
742 3613 776 3670 et
790 3605 823 3669 in
837 3606 970 3670 multum
985 3608 1133 3693 temporis
1146 3630 1249 3695 perse

95 3707 243 3782 vetantia,
259 3706 365 3774 inlecti
384 3708 514 3795 gloriam
533 3709 682 3787 referunt,
698 3708 769 3774 Deo
786 3708 854 3773 sine
871 3708 987 3774 invidia
1007 3709 1143 3775 donante
1165 3711 1249 3796 quod

95 3813 211 3877 bonum
225 3822 286 3879 est.
324 3814 502 3882 Secundum
516 3816 598 3880 enim
614 3815 647 3881 id
661 3815 744 3902 quod
758 3816 939 3890 factasunt,
954 3838 1017 3881 non
1031 3826 1105 3882 sunt
1116 3818 1245 3886 inlecta:

95 3912 265 3982 secundum
287 3918 322 3984 id
345 3940 418 3983 vero
447 3919 532 4003 quod
559 3927 757 4004 perseverant
782 3919 884 4006 longis
907 3919 1077 3998 ⁷aeonibus,
1103 3922 1249 3989 virtutem

95 4019 202 4085 inlecti
221 4029 392 4100 assument,
412 4022 482 4087 Deo
501 4022 639 4110 gratuito
653 4021 791 4088 donante
807 4023 855 4088 eia
868 4023 1089 4109 sempiternam
1108 4046 1250 4111 perseve-

94 4122 258 4190 rationem.

144 4319 224 4370 ¹Int.
237 4322 323 4383 Λόγοι.
697 4338 730 4372 so.
765 4323 817 4373 Aa.
827 4321 955 4385 perfectio.

145 4401 157 4433 ²
173 4403 313 4453 Sarmn’s
319 4405 483 4463 emendation,
494 4404 564 4453 buta
571 4403 646 4468 gloss.
746 4402 757 4435 ⁶
775 4402 892 4462 Quodam
905 4411 993 4466 ουιενκ,
1010 4406 1053 4455 ths
1063 4406 1198 4459 translator
1208 4427 1248 4460 ex·

146 4482 382 4547 ’er-ponamus,
399 4497 531 4547 1.313,1;
556 4494 646 4546 317,1.
697 4500 792 4549 presses
804 4486 847 4534 the
857 4484 940 4551 faulty
950 4487 1054 4552 reading
1065 4490 1119 4540 wel
1131 4491 1163 4540 tl.

98 4565 143 4613 Cu.
156 4566 206 4613 and
217 4567 306 4627 Voss„
320 4568 367 4617 but
377 4566 443 4617 eirea
453 4568 480 4616 in
491 4567 535 4616 the
545 4566 596 4614 Aa.
747 4564 759 4598 ⁶
774 4567 827 4616 Aa.
841 4565 1011 4630 pereipimtr'o.

147 4645 275 4700 ⁴cmu.
290 4650 511 4714 voryinaoonratn
528 4644 650 4697 ι’κυίεἰὸίὶι
747 4647 1015 4714 'enumquam
1046 4651 1126 4704 (tta.
1144 4666 1228 4712 ομ.
