3000 4994
235 330 301 395 242
519 342 695 397 snurours
721 341 925 397 ouuusunu
952 340 1094 393 vanus.

93 519 198 605 lffl·
235 498 363 565 Domini
378 498 456 562 fuit:
481 504 608 584 propter
621 519 676 562 eos
687 517 759 562 vero
774 495 827 583 qui
842 517 925 560 nunc
939 502 1070 581 pecuum
1086 493 1229 559 christus
1244 514 1305 557 non
1317 493 1384 579 jam

70 613 221 703 ⁰3ng
235 602 393 679 morietur,
404 602 472 687 jam
487 602 569 666 enim
585 623 669 666 mors
688 622 751 664 nou
765 600 975 664 dominabitur
989 601 1074 686 ejus;
1096 598 1151 663 sed
1167 598 1269 663 veniet
1285 599 1385 664 Filius

97 706 191 748 ΨΜ
235 704 267 770 iu
289 704 389 793 glorio
409 705 524 783 Patris,
547 706 713 792 exquirens
734 706 774 769 ab
796 705 967 768 ¹uotoribus
986 715 1019 768 et
1036 702 1300 788 dispensatoribus
1320 704 1385 770 suis

72 782 222 798 ———-

71 830 216 916 two
235 810 396 895 pecuniam
412 831 504 894 quam
524 809 570 874 eis
584 808 725 886 credidit,
745 830 817 873 oum
832 807 950 872 usuris:
971 814 1004 872 et
1024 808 1135 894 quibus
1154 806 1319 892 plurimum
1333 808 1385 872 de-

70 904 202 1010 ffitwli·
216 902 222 921 ’
235 913 291 991 dit,
307 912 471 998 plurimum
483 915 523 979 ab
538 913 584 978 eis
597 913 714 999 exiget.
745 912 817 976 Nou
830 911 979 975 debemus
993 932 1078 996 ergo,
1094 910 1194 996 inquit
1209 909 1259 974 ille
1273 911 1386 987 senior,

70 1015 166 1056 Μ
175 1014 205 1053 ⁴²
234 1015 358 1100 superbi
373 1036 451 1093 esse,
467 1037 566 1099 neque
581 1014 805 1101 reprehendere
820 1022 958 1088 veteres3
975 1013 1031 1077 sed
1046 1013 1104 1098 ipsi
1120 1013 1238 1090 timere,
1254 1014 1387 1078 neforto

234 1125 306 1202 post
325 1116 517 1204 agnitionem
541 1117 657 1183 Ohristi
680 1125 810 1203 ugentes
831 1116 949 1201 aliquid
970 1115 1053 1202 quod
1078 1136 1140 1180 non
1161 1116 1282 1200 placeat
1306 1116 1386 1193 Deo,

233 1219 446 1284 remissionem
467 1220 549 1284 ultra
571 1241 632 1284 nou
655 1220 825 1283 habeamus
844 1218 1051 1295 'delictorum
1070 1217 1126 1282 sed
1145 1217 1346 1281 excludamur
1367 1239 1388 1282 a

72 1347 134 1430 sqq.
142 1345 171 1385 xi.
182 1345 205 1389 17
234 1343 330 1408 regno
344 1322 421 1407 ejus.
457 1321 502 1386 Et
524 1322 593 1386 ideo
616 1322 749 1386 Paulum
763 1321 894 1387 dixisse:
920 1323 959 1385 si
980 1323 1059 1385 enirn
1078 1320 1270 1384 naturalibus
1291 1322 1388 1384 rumis

69 1398 133 1525 ‘ff
141 1439 171 1524 qq·
180 1438 209 1529 g·
235 1447 294 1489 uon
302 1426 452 1510 pepercit,
462 1446 499 1489 ne
504 1426 591 1508 sorte
601 1430 672 1490 ³u-ec
683 1424 738 1489 uti
743 1434 869 1511 puroet,
879 1425 934 1511 qui
948 1446 1016 1489 eum
1029 1447 1099 1488 nece
1112 1425 1247 1501 oleaster,
1258 1424 1388 1487 iuuentute

127 1512 133 1524 ⁸
202 1509 209 1523 .
236 1551 265 1594 ea
279 1529 314 1593 in
321 1527 539 1613 pinquedinem
554 1527 653 1605 olion,
674 1538 702 1592 et
715 1529 921 1612 socicusectua
935 1550 965 1592 es
975 1528 1170 1613 pinquedinio
1184 1528 1256 1610 cjru.
1294 1527 1388 1591 Simi-

233 1630 305 1695 liter
324 1637 357 1694 et
371 1628 469 1715 plebis
487 1630 755 1713 praevaricotioues
773 1629 877 1694 ⁸vides
895 1629 1066 1714 descriptas
1081 1651 1160 1707 esse,
1180 1652 1241 1694 uon
1262 1637 1388 1715 propter

233 1733 303 1798 illos
317 1732 369 1817 qui
387 1740 462 1796 tuno
481 1732 798 1817 transgrediebantur,
819 1732 874 1797 sed
895 1732 926 1796 in
944 1732 1169 1817 eorreptionem
1187 1742 1335 1809 nostram,
1354 1742 1388 1797 et

233 1843 270 1899 ut
284 1834 433 1899 sciremus
445 1856 542 1897 unum
561 1844 594 1899 et
612 1834 745 1899 eundem
761 1833 876 1911 Deum,
891 1833 925 1898 iu
942 1855 1035 1919 quem
1049 1833 1093 1897 illi
1110 1833 1340 1919 delinquebant,
1355 1844 1388 1899 et

234 1937 375 2022 inquom
390 1958 472 2001 nuno
487 1936 670 2021 delinquunt
684 1937 811 2022 quidam
825 1960 865 2002 ex
879 1937 930 2003 his
944 1937 996 2024 qui
1011 1938 1196 2003 ⁴credidisse
1217 1959 1252 2002 se
1267 1938 1387 2005 dicunt.

300 2044 331 2104 5.
370 2038 415 2103 Et
434 2038 494 2105 hoo
513 2049 619 2104 autem
635 2040 822 2126 Apostolum
846 2041 879 2105 iu
897 2042 1029 2128 epistola
1049 2047 1138 2128 lquse
1152 2050 1202 2105 est
1220 2040 1261 2104 od
1280 2041 1388 2105 Coriu-

235 2142 320 2209 thios
341 2142 592 2209 manifestissime
615 2143 796 2222 ostendisse,
821 2144 992 2210 dicentem:
1016 2144 1114 2208 6Νοῐο
1138 2143 1217 2208 enirn
1237 2166 1287 2207 ooo
1305 2143 1388 2228 iquo-

236 2268 319 2321 rure,
334 2248 467 2330 fratres,
485 2247 628 2331 quonium
649 2255 758 2333 petros
783 2250 878 2313 nodri
905 2271 1003 2313 omnes
1022 2247 1075 2313 aul
1101 2247 1177 2313 nude
1194 2249 1339 2331 suerunt,
1360 2259 1390 2314 ct

235 2350 380 2417 munceio
396 2350 481 2414 Mose
501 2348 729 2436 metuerentur
745 2352 780 2414 in
794 2350 881 2430 nude
899 2362 928 2417 et
941 2353 976 2415 iu
996 2352 1086 2431 meri,
1108 2361 1137 2416 ct
1151 2373 1249 2415 omnes
1263 2352 1389 2416 eundem

236 2474 332 2516 eccum
345 2452 515 2538 quiritatum
525 2454 794 2532 manducaverunt,
810 2463 839 2519 et
851 2477 949 2519 munet
963 2456 1088 2519 cendone
1096 2465 1203 2540 potum
1216 2455 1389 2541 spiritalem

236 2552 388 2618 diderint:
412 2553 548 2619 uetant
568 2554 664 2620 'enirn
681 2557 718 2621 de
737 2557 874 2642 quintuli
892 2567 1080 2643 consequente
1098 2559 1279 2644 ⁸cospetro;
1294 2567 1389 2643 petro

236 2667 420 2722 emeruerat
440 2658 586 2723 Otriuuc.
619 2659 684 2723 Sed
695 2682 754 2723 non
771 2660 805 2724 in
813 2659 958 2745 pluribus
978 2659 1163 2724 eorumbene
1178 2661 1269 2725 seruit
1286 2662 1386 2733 Deus·

230 2761 384 2844 prostrati
402 2769 471 2824 eunt
485 2760 565 2825 enim
579 2761 614 2824 in
636 2760 758 2826 decern
791 2761 870 2825 Haec
888 2763 924 2825 in
928 2763 1069 2846 fiqurum
1086 2763 1180 2828 nostri
1191 2765 1335 2847 fuerunt,
1355 2772 1390 2827 ut
1404 2785 1426 2825 n
1442 2786 1485 2825 ros

236 2882 296 2925 non
316 2862 409 2927 timna
429 2863 664 2948 concupiscentes
680 2863 841 2942 uentorum,
863 2865 1110 2951 quemadmodum
1131 2875 1159 2927 et
1180 2865 1230 2928 illi
1251 2866 1389 2950 concupi

237 2973 346 3036 eruun-
368 2985 462 3049 uequc
479 2963 651 3027 idobletrce
668 2966 744 3043 sitis,
759 2968 1010 3051 quemadmodum
1024 2967 1150 3052 quidum
1166 2989 1288 3040 eorum;
1313 2968 1390 3030 sicud

73 3098 215 3140 suumn
236 3067 399 3151 ⁹ecriptum
421 3075 482 3129 ost:
505 3066 595 3131 Sedit
605 3067 740 3153 populus
760 3069 949 3134 munducare
973 3079 1001 3134 et
1021 3069 1126 3147 bibere,
1147 3079 1176 3134 et
1194 3078 1390 3133 suffecerunt

73 3146 92 3186 ⁶
237 3167 351 3233 ludere.
388 3168 496 3253 Neque
507 3169 712 3251 fornicemur,
732 3172 809 3236 utcu
827 3172 954 3259 qnidam
973 3195 1009 3237 cn
1023 3173 1087 3237 illio
1094 3175 1250 3257 fornicati
1265 3181 1343 3249 sunt,
1362 3181 1391 3235 ct

236 3277 417 3332 corrnerunt
436 3269 471 3332 in
485 3290 549 3333 unu
564 3269 616 3335 dic
636 3272 747 3357 uiqinti
761 3274 825 3337 tria
840 3275 950 3341 millia.
983 3275 1052 3338 Nec
1067 3284 1209 3339 tentemus
1227 3274 1389 3350 Christum,

236 3371 487 3457 quemadmodum
509 3372 638 3457 quidem
663 3397 765 3440 eorum
791 3385 991 3455 tentaverunt,
1021 3387 1049 3442 et
1073 3401 1094 3442 u
1118 3375 1302 3462 serpentibus
1317 3399 1392 3461 per-

237 3475 349 3539 ierunt.
386 3475 495 3560 Neque
514 3479 790 3556 munnuruoeritis,
811 3479 903 3543 sinet-i
917 3480 1045 3566 quidem
1062 3501 1165 3544 eorum
1183 3500 1392 3542 murmurave-

237 3586 320 3655 runt,
330 3587 359 3641 et
365 3579 530 3664 perierunt
539 3578 578 3642 ol
594 3582 834 3647 euterrninotorc.
865 3582 944 3646 Hoee
954 3594 1056 3647 autent
1066 3583 1167 3647 omnio
1180 3584 1393 3667 iufiqurafie-

237 3680 309 3745 lant
322 3680 407 3752 illier
430 3682 546 3768 scripto
561 3693 630 3748 suut
644 3693 745 3748 autern
759 3685 805 3749 ud
814 3686 1028 3772 correptionem
1042 3695 1184 3762 murem,
1194 3686 1228 3748 iu
1240 3707 1310 3771 quos
1316 3686 1394 3765 finis

236 3784 414 3849 mendorum
424 3784 554 3852 denen-it.
580 3786 770 3873 Quapropter
786 3788 840 3872 qui
847 3797 943 3873 putot
961 3810 991 3852 se
1005 3798 1097 3867 sture,
1112 3788 1215 3852 oidwt
1228 3809 1266 3851 ue
1280 3788 1381 3851 cedet.

287 3952 298 3985 ¹
317 3953 362 4002 See
373 3971 398 4019 p.
414 3956 468 4017 ²38,
482 3972 508 4006 u.
523 3970 545 4018 3.
890 3959 901 3991 ⁶
913 3960 1009 4019 Msss,
1024 3976 1051 4009 us
1063 3960 1118 4021 Cu,
1127 3960 1216 4019 Voss,
1230 3959 1335 4008 butAs.
1344 3973 1393 4006 non

288 4032 300 4064 ¹
317 4034 368 4083 Au.
378 4043 538 4097 peccatorum.
572 4037 625 4086 Tho
637 4038 686 4086 five
698 4039 792 4087 follow·
841 4039 906 4090 enirn
922 4042 1115 4100 enuntietur
1132 4058 1149 4090 e
1165 4041 1252 4089 servile
1267 4041 1391 4089 imitation

239 4116 284 4181 ing
294 4116 374 4165 words
385 4117 417 4165 do
429 4123 474 4166 not
484 4134 577 4183 appear
587 4119 613 4167 in
625 4121 668 4168 the
679 4120 780 4171 Cultum
841 4122 870 4171 os
881 4122 924 4170 the
935 4122 1025 4183 Greek,
1043 4125 1070 4171 οὐ
1084 4126 1134 4184 γὰρ
1149 4125 1220 4184 θέλω,
1234 4122 1256 4170 is
1272 4122 1355 4184 likely.

288 4195 299 4228 ⁸
314 4199 367 4246 Au.
379 4199 454 4249 omits
465 4214 522 4255 uec,⁸
539 4200 572 4250 ib.
584 4200 677 4251 videtu.
890 4201 902 4236 ⁷
918 4206 969 4253 Au.
988 4204 1062 4253 entim.
1095 4205 1149 4265 Cu,
1163 4203 1389 4265 Voss.‚V1r1·.cu·

288 4277 299 4308 ⁴
315 4279 447 4329 credidisse
457 4296 480 4330 ee
491 4282 584 4342 dicunt,
591 4299 619 4332 so
628 4284 670 4333 the
679 4284 789 4345 Cultum,
840 4289 891 4333 tent.
914 4285 1001 4335 Mnus.
1011 4286 1224 4351 carelesslyprints
1231 4292 1310 4333 uidem
1317 4283 1388 4344 euim,

239 4359 349 4423 possibly
364 4360 404 4408 sor
420 4363 514 4412 endere
531 4379 555 4413 ee
573 4364 659 4414 dieunt
666 4384 677 4423 ;
697 4366 792 4415 Garun
840 4367 891 4414 und
902 4365 1019 4415 srrrnnn
1030 4367 1125 4416 follows
1137 4368 1196 4417 him.
1232 4367 1266 4415 N.
1275 4366 1304 4416 T.
1317 4367 1374 4427 γάρ.

239 4440 285 4489 has
297 4441 428 4492 credidisse
438 4444 562 4497 dicuntur.
890 4446 901 4479 ⁸
918 4463 961 4509 eoa,
974 4449 1060 4499 Msss.
1075 4450 1139 4498 from
1153 4451 1197 4499 the
1208 4450 1308 4499 curun.
1322 4448 1380 4497 MS.

291 4518 419 4584 lucum,
432 4524 537 4575 omitted
548 4527 574 4575 iu
586 4528 640 4589 Cu,
654 4527 735 4580 Voss.
888 4528 967 4580 ⁹Au.
980 4531 1069 4580 inserte
1080 4531 1152 4584 enirn.
