3000 4994
240 319 306 386 130
652 332 812 385 narrem
838 332 976 384 naaon.

73 509 228 598 mnxr'pxpxp¹¹⁴
240 487 342 565 fuerit,
358 485 408 553 cui
423 485 557 574 primum
571 485 731 551 dominata
744 491 793 550 est
807 506 903 550 mors.
927 482 1016 548 Illius
1027 483 1109 550 enim
1124 481 1217 558 salus,
1234 481 1393 547 evacuatio

103 604 148 644 ⁰ss
158 604 198 643 ¹11·
241 598 290 656 est
311 589 430 655 mortis.
476 588 613 655 Domino
636 588 732 676 igitur
754 586 1114 662 vivificantehominem,
1136 585 1239 650 idest
1262 584 1392 661 ¹Adam‚

90 650 220 787 siffis
241 701 390 760 evacuata
404 700 453 759 est
467 700 499 758 et
515 714 610 758 mors.

657 897 759 964 OAP.
782 898 982 964 XXXVII.

522 1055 710 1131 Adversis
730 1053 883 1130 Totiooi
899 1053 1115 1130 doctrinam.

308 1227 551 1292 Mnurwurnn
565 1245 640 1310 ergo
655 1242 764 1286 omnes
779 1219 832 1308 qui
847 1221 1064 1288 contradicunt
1079 1222 1146 1309 ejus
1160 1221 1263 1301 saluti,
1272 1244 1395 1308 semper

77 1356 172 1399 nm.
181 1358 200 1397 a
241 1330 361 1418 seipsos
375 1329 576 1395 excludentes
589 1348 610 1391 a
624 1325 697 1403 vita,
712 1323 745 1388 in
759 1346 797 1389 eo
812 1324 895 1409 quod
909 1347 972 1389 non
994 1325 1122 1390 credant
1136 1325 1293 1391 inventam
1305 1349 1394 1391 ovem

242 1455 313 1521 quae
337 1432 480 1517 perierat.
527 1429 562 1495 Si
577 1435 682 1494 autem
697 1427 750 1492 ills
764 1449 827 1492 non
841 1435 891 1492 est
904 1427 1039 1505 inventa,
1053 1427 1156 1492 adhuc
1170 1429 1346 1514 possidetur
1361 1429 1394 1491 in

241 1533 415 1622 perditione
439 1532 540 1598 omnis
561 1530 697 1596 hominis
717 1529 889 1616 generatio.
927 1529 1068 1594 Mendax
1090 1551 1165 1616 ergo
1186 1530 1214 1594 is
1237 1529 1290 1616 qui
1312 1531 1394 1615 prior

241 1638 323 1703 hanc
349 1635 547 1712 sententiam,
573 1632 636 1697 imo
662 1632 743 1697 banc
772 1631 980 1718 ignorantiam
1006 1640 1039 1696 et
1064 1632 1239 1696 cecitatem
1260 1633 1393 1710 induxit,

241 1738 427 1803 ²Tatianus:
450 1734 621 1801 '’conuexio
635 1734 760 1821 quidem
775 1735 877 1799 factus
891 1733 1030 1799 omnium
1045 1734 1273 1812 haereticorum,
1288 1757 1394 1821 quem-

241 1840 410 1906 admodum
442 1837 654 1912 ostendimus;
685 1836 744 1902 hoc
774 1844 880 1901 autem
905 1857 926 1900 a
954 1838 1122 1922 semetipso
1151 1837 1319 1915 adinvenit,
1346 1838 1393 1901 nti

241 1965 357 2010 novum
371 1941 489 2029 aliquid
503 1949 618 2027 praeter
630 1940 765 2028 reliquos
779 1940 925 2019 inferens,
940 1963 1072 2006 vacuum
1087 1941 1227 2028 loquens,
1242 1963 1358 2007 vacuos
1374 1964 1431 2011 ao.
1440 1972 1482 2016 aar,

241 2046 304 2112 lide
318 2045 476 2112 auditores
495 2043 555 2110 sibi
571 2050 771 2129 praepararet,
786 2043 937 2109 affectans
955 2045 1106 2131 magister
1128 2045 1245 2123 baberi,
1267 2054 1395 2113 tentans

79 2157 274 2218 rossanen
298 2149 429 2217 subinde
454 2148 501 2213 uti
526 2136 703 2235 hujusmodi
729 2169 749 2212 a
773 2147 873 2214 Paulo
893 2148 1018 2214 assidue
1040 2148 1151 2215 dictis:
1184 2151 1339 2232 Quoniam
1360 2153 1395 2216 ia

77 2275 204 2317 rosera
240 2255 347 2320 Adam
368 2274 466 2318 omma
487 2254 653 2327 morimeam
676 2251 823 2338 ignorans
843 2259 958 2330 autem,
983 2253 1130 2339 quoniam
1152 2253 1205 2319 ali
1225 2254 1397 2320 αὸοοῶοοὶτ

232 2366 404 2444 peccatam,
426 2353 687 2441 euporotrmdooit
711 2355 829 2440 qratia.
878 2353 1014 2420 Ostenso
1039 2377 1113 2443 ergo
1135 2356 1195 2421 hoc
1220 2358 1394 2436 manifeste,

239 2461 425 2525 erubescant
439 2479 548 2524 omnes
562 2456 614 2545 qui
629 2459 670 2522 ab
688 2479 725 2524 eo
740 2465 824 2535 sunt,
840 2465 873 2522 et
888 2462 1089 2524 *concertant
1106 2460 1145 2526 de
1159 2460 1289 2540 ⁶Adam,
1306 2463 1394 2548 quasi

239 2585 389 2651 magnum
414 2562 530 2650 aliquid
556 2563 724 2640 lucrentur,
747 2561 775 2626 si
801 2560 852 2627 ille
878 2582 943 2627 non
968 2563 1118 2629 salvetur:
1148 2565 1272 2651 quando
1294 2566 1395 2653 magis

239 2667 317 2731 nibil
336 2667 510 2754 proficiant,
533 2666 794 2753 quemadmodum
814 2673 848 2729 et
867 2688 996 2752 serpens
1014 2666 1092 2731 nihil
1111 2668 1241 2753 profecit
1260 2670 1395 2735 suadens

239 2770 368 2848 homini,
392 2770 452 2834 nisi
473 2769 549 2834 illud
570 2770 653 2855 quod
674 2790 745 2834 eum
766 2776 1028 2856 transgressorem
1048 2772 1195 2849 ostendit,
1218 2772 1341 2836 initium
1363 2783 1396 2838 et

239 2872 402 2936 materiam
432 2871 598 2955 apostasiae
624 2892 690 2936 suae
718 2871 837 2936 habens
866 2871 1042 2949 hominem3
1073 2872 1177 2936 Deum
1201 2881 1307 2938 autem
1333 2896 1396 2939 non

239 2975 345 3040 ⁶vidir.
383 2973 435 3039 Sic
450 2974 529 3039 ethi
544 2975 597 3060 qui
613 2974 831 3040 contradicunt
845 2974 937 3040 saluti
951 2976 1042 3052 Adae,
1055 2975 1131 3039 nihil
1146 2976 1319 3060 proficiunt,
1335 2977 1396 3040 nisi

240 3079 310 3156 boc,
330 3077 412 3163 quod
433 3077 617 3163 semetipsos
638 3077 803 3143 haereticos
823 3085 857 3142 et
877 3085 1038 3164 apostatas
1056 3078 1175 3144 iaciunt
1193 3078 1342 3157 veritatis,
1363 3088 1396 3144 et

240 3180 424 3245 'advocatos
438 3201 473 3246 se
487 3180 640 3267 serpentis
655 3188 688 3246 et
702 3180 812 3246 monis
826 3182 1006 3256 ostendunt.

290 3390 791 3457 ¹SeethefalsegospololNicodemus,
843 3394 916 3455 saith,
935 3395 985 3444 and
1002 3395 1118 3444 returned
1135 3402 1161 3446 to
1179 3397 1222 3446 the
1239 3397 1308 3448 East.
1343 3399 1396 3448 The

241 3472 255 3532 ὅ
267 3485 324 3522 111.
338 3473 382 3523 doc.
844 3477 953 3525 mixture
969 3477 998 3525 os
1010 3483 1087 3526 water
1097 3477 1123 3526 in
1135 3479 1178 3527 the
1189 3480 1336 3530 eucharistie
1347 3498 1396 3546 cup

290 3552 406 3602 ’Tatian
424 3571 475 3602 was
492 3571 507 3603 a
524 3555 611 3620 Syriam
629 3557 663 3620 by
679 3556 753 3617 birth,
768 3558 797 3606 os
846 3574 895 3607 was
911 3560 982 3608 usual
997 3560 1023 3608 in
1038 3560 1081 3609 the
1092 3561 1217 3624 primitive
1229 3563 1336 3624 Cburch,
1350 3565 1397 3613 but

241 3653 310 3687 some
321 3651 421 3684 renown
437 3651 465 3684 as
480 3653 496 3684 a
509 3638 656 3686 rhetorician
663 3655 669 3698 ;
685 3639 717 3686 he
729 3644 792 3687 esta·
844 3640 876 3688 he
887 3641 947 3689 used
958 3657 991 3690 no
1002 3642 1066 3690 wine
1077 3647 1105 3690 at
1115 3643 1155 3704 all,
1166 3644 1215 3691 and
1226 3645 1264 3693 his
1276 3647 1396 3695 followers

240 3719 337 3769 blished
348 3718 449 3767 himself
457 3724 484 3767 at
496 3718 583 3780 Rome,
598 3721 648 3769 and
661 3721 740 3770 under
750 3721 793 3770 the
844 3738 909 3771 were
920 3722 998 3771 called
1009 3740 1042 3771 on
1053 3725 1103 3773 this
1117 3732 1223 3775 account
1236 3727 1396 3792 Hydropara-

239 3801 354 3866 auspices
366 3801 394 3849 ot
402 3801 501 3850 Jusrm
511 3801 549 3850 M.
559 3801 640 3850 hedid
648 3803 713 3866 good
724 3803 794 3851 work
844 3807 924 3852 statae.
955 3804 1395 3868 Compare1.116,n.r,and1.rro.

241 3884 280 3932 ior
295 3885 339 3932 the
357 3883 463 3943 Ohurch,
478 3883 504 3931 in
523 3883 657 3949 defending
671 3885 713 3933 the
729 3885 793 3933 saith
893 3882 905 3915 ⁸
923 3884 1049 3946 Οοοιησσέο,
1064 3891 1200 3949 συμπλοκή.

241 3965 305 4014 from
318 3965 360 4014 tho
371 3966 470 4015 attacks
482 3965 511 4013 of
523 3965 640 4014 Crescens
651 3966 694 4014 the
706 3966 791 4030 Cyuie.
893 3964 904 3995 ⁴
923 3965 1070 4027 emmaus,
1085 3970 1198 4031 ἐρίζουσιν
1206 3972 1286 4032 Ἀδὰμ
1301 3974 1361 4036 περὶ.

242 4047 383 4107 Ensnurns,
398 4049 434 4098 Η.
447 4049 475 4098 Ε.
489 4060 575 4110 1v.a7,
590 4049 729 4097 intormsus
738 4049 793 4096 that
893 4046 904 4078 ¹⁵
921 4047 1091 4098 Hirronrros
1107 4051 1159 4101 also
1176 4070 1233 4117 says
1250 4055 1278 4102 ot
1293 4055 1394 4104 Tatian:

242 4130 273 4178 ho
291 4130 412 4194 compiled
430 4130 472 4178 tho
494 4130 548 4179 first
565 4131 688 4195 barmony
706 4131 734 4179 ot
750 4131 793 4179 the
844 4131 891 4179 'ln
902 4132 928 4179 δὲ
941 4133 1021 4191 Ἀδὰμ
1033 4134 1122 4193 φάσκει
1132 4137 1166 4195 μὴ
1178 4139 1304 4197 σώζεσθαι,
1318 4137 1356 4184 διὰ
1367 4139 1396 4184 τὸ

243 4211 355 4275 Gospels,
368 4212 448 4260 under
462 4213 505 4260 the
522 4228 595 4260 name
607 4214 645 4261 διὰ
660 4213 791 4275 τεσσάρων,
846 4217 955 4279 ἀρχηγὸν
982 4222 1107 4282 παρακοῆς
1134 4223 1266 4284 γεγονέναι.
1301 4221 1393 4270 Philon.

242 4292 292 4340 and
306 4294 351 4341 left
362 4309 378 4340 a
388 4292 456 4356 large
472 4294 578 4342 number
592 4294 621 4343 os
633 4295 753 4359 writings,
768 4296 797 4343 ol
844 4310 904 4348 vm.
922 4297 958 4349 16.

243 4373 322 4420 which
340 4390 355 4421 a
370 4375 438 4422 work
452 4376 550 4437 against
562 4377 604 4424 the
616 4377 727 4426 Gentiles
743 4394 793 4426 aas
894 4380 904 4411 ⁶
921 4384 983 4431 οἶδεν
993 4384 1086 4448 having
1096 4385 1158 4433 been
1169 4385 1226 4434 read
1237 4402 1265 4433 aa
1278 4386 1343 4435 εἶδεν,

242 4453 285 4501 the
302 4460 366 4502 most
383 4456 543 4506 remarkable.
578 4459 652 4508 Alter
669 4460 713 4508 the
728 4475 792 4509 mar·
893 4463 905 4496 ⁷
921 4464 1054 4526 adiurator,
1068 4467 1215 4528 προστάτας,
1227 4467 1287 4515 with
1305 4484 1321 4515 a
1338 4467 1396 4531 play

241 4534 342 4597 tyrdom
353 4535 382 4583 ot
393 4537 412 4584 J
414 4548 492 4584 usum
505 4537 536 4586 he
553 4542 662 4589 eworved
674 4542 738 4591 l'ronr
750 4544 793 4592 the
844 4546 873 4594 of
880 4547 966 4596 sound.
1002 4547 1040 4597 Cf.
1053 4563 1077 4611 p
1091 4562 1143 4608 ror,
1158 4564 1183 4597 n.
1198 4561 1220 4610 3.
