3000 4994
491 389 759 444 insumemus
783 391 861 445 nsn.
944 404 950 411 ·
1191 375 1263 446 157-

100 541 200 626 ur'rrip
227 545 276 634 τῷ
305 543 468 645 Ἀβραὰμ
500 548 617 621 πίστιν
655 550 796 646 ἔχοντες,
835 548 974 648 ἄραντες
1002 547 1063 621 τὸν
1098 549 1253 650 σταυρὸν,
1271 561 1428 650 &iffi-232*

100 655 140 730 tiu
164 655 220 727 καὶ
243 655 362 728 Ἰσαὰκ
387 656 432 731 τὰ
459 658 553 754 ξύλα,
583 661 909 746 ἆκολουθοῦμεν....
1282 653 1411 741 ῃῗῆιν·

100 771 359 866 ....τροθύμως
387 770 449 843 τὸν
477 770 560 843 ἴδιον
587 782 749 866 μονογενῆ
776 774 830 845 καὶ
872 772 1069 865 ιεἷνγαττητὸν
1095 805 1254 874 παραχω-
1271 777 1419 785 ‘'—

99 880 203 976 ρῆσας
233 882 347 952 θυσίαν
378 891 428 974 τῷ
453 884 535 973 θεῷ,
565 885 618 955 ἵνα
647 886 701 957 καὶ
730 889 748 957 ὁ
779 883 863 962 θεὸς
888 884 1051 982 sidonio-p,
1080 884 1162 986 ὑπὲρ
1190 893 1255 960 τοῦ

101 992 298 1089 σπέρματος
324 996 426 1066 αὑτοῦ
454 994 578 1074 πάντας
607 995 668 1069 τὸν
696 996 779 1068 ’ἴδιον
808 1005 971 1089 μονογενῆ
995 998 1048 1068 καὶ
1074 997 1253 1090 ἀγαπητὸν

101 1101 168 1173 uida
197 1106 313 1177 θυσίαν
338 1119 527 1207 παρασχεῖν
554 1112 596 1186 εἷς
624 1112 791 1209 λύτρωσιν
816 1112 987 1209 ἡμετέραν.

99 1298 220 1384 pientes
237 1323 331 1387 quam
351 1303 461 1370 habuit
480 1305 654 1387 Abraham,
674 1306 819 1372 tollentes
840 1327 974 1386 crucem,
994 1306 1253 1394 quemadmodum
1270 1325 1409 1368 onnus

98 1401 184 1487 ligna
206 1403 307 1481 Isaac,
327 1406 486 1491 sequimur
505 1429 586 1473 eum.
626 1409 666 1473 In
687 1408 850 1475 Abraham
869 1409 953 1474 enim
972 1407 1202 1494 ²praedidicerat
1220 1418 1253 1475 et

97 1511 241 1570 assuetus
269 1505 370 1572 iuerat
399 1509 492 1574 homo
521 1511 610 1595 sequi
640 1510 782 1577 Verbum
815 1510 888 1576 Dei.
933 1509 1062 1575 Etenim
1091 1509 1254 1575 Abraham

11 1678 14 1683 ,
97 1609 268 1673 secundmn
282 1609 375 1675 fidem
389 1632 479 1677 suam
498 1620 625 1677 secutus
639 1620 830 1699 praeceptum
844 1612 928 1678 verbi
945 1611 1017 1691 Dei,
1031 1633 1130 1699 prono
1148 1611 1253 1677 animo

97 1712 293 1799 unigenitum
307 1722 340 1779 et
354 1713 501 1780 dilectum
516 1714 613 1778 filiurn
627 1737 718 1780 sunm
736 1715 890 1780 concessit
907 1714 1094 1780 sacrificium
1109 1713 1195 1789 Deo;
1217 1721 1253 1781 ut
1269 1720 1401 1818 geum

97 1822 130 1880 et
144 1816 232 1880 Deus
251 1816 479 1903 beneplacitum
497 1815 622 1896 habeat,
643 1839 699 1903 pro
720 1817 863 1883 universo
882 1817 1000 1882 semine
1019 1819 1087 1904 ejus
1106 1816 1253 1883 dilectum

97 1925 130 1981 et
151 1917 345 2004 unigenitum
369 1917 467 1981 filium
490 1938 581 1982 suum
604 1926 752 2004 praestare
779 1920 965 1985 sacrificium
990 1919 1023 1983 in
1045 1927 1185 1985 nostram
1205 1941 1253 1985 re-

98 2019 297 2085 demtionem.

161 2125 193 2187 2.
239 2123 399 2208 Propheta
417 2146 492 2211 ergo
511 2146 583 2190 cum
598 2131 681 2191 esset
700 2125 872 2205 Abraham,
890 2133 923 2191 et
940 2125 1060 2191 videret
1080 2123 1112 2189 in
1133 2125 1252 2211 Spiritu

96 2225 179 2290 diem
193 2225 345 2293 adventus
365 2228 503 2306 Domini,
519 2236 553 2293 et
566 2228 720 2314 passionis
738 2229 982 2315 dispositionem,
1004 2249 1166 2313 perquem
1184 2229 1253 2315 ipse

96 2349 218 2415 quoque
240 2336 273 2395 et
295 2351 412 2408 omnes,
439 2331 502 2415 qui,
530 2330 674 2396 similiter
695 2338 732 2395 ut
758 2330 824 2416 ipse
851 2330 991 2408 credidit,
1018 2329 1149 2395 credunt
1171 2330 1253 2409 Deo,

95 2429 207 2495 salvari
229 2430 412 2518 inciperent,
435 2433 586 2498 exultavit
608 2433 816 2499 vehementer.
855 2432 929 2497 Non
950 2430 1128 2518 incognitus
1157 2431 1253 2519 igitur

95 2541 164 2598 erat
184 2534 340 2601 Dominus
359 2536 508 2616 Abrahae,
529 2538 619 2622 cujus
638 2535 721 2601 diem
741 2534 918 2619 concupivit
932 2533 1053 2598 videre:
1077 2533 1134 2598 sed
1152 2555 1253 2618 neque

97 2637 194 2703 Pater
216 2638 365 2713 Domini;
389 2639 540 2704 didicerat
561 2640 645 2704 enim
665 2660 686 2703 a
701 2637 809 2704 Verbo
832 2636 971 2714 Domini,
995 2642 1028 2700 et
1050 2635 1180 2701 credidit
1201 2637 1250 2703 ei:

96 2748 283 2826 quapropter
305 2748 337 2806 et
355 2741 538 2827 deputatum
560 2749 609 2807 est
634 2741 663 2805 ei
682 2740 723 2805 ad
740 2739 898 2827 justitiam
918 2758 938 2803 a
963 2737 1110 2802 Domine.
1155 2737 1253 2805 Fides
1269 2759 1393 2802 osane

97 2841 180 2906 enim
203 2846 292 2927 ³quae
321 2851 371 2909 est
393 2843 434 2908 ad
458 2842 562 2908 Deum
590 2842 757 2930 ⁴justificat
782 2840 958 2906 hominem:
990 2847 1023 2904 et
1046 2846 1172 2925 propter
1192 2840 1253 2907 hoc

96 2943 241 3010 dicebat:
265 2945 439 3011 Emendavi
460 2968 584 3011 monam
602 2967 700 3010 meam
718 2945 764 3010 od
776 2945 877 3009 Deum
891 2942 1079 3021 αἰνίεείανονν,
1095 2943 1150 3029 qui
1167 2947 1253 3010 ³coa·
1270 2965 1413 3008 oanan.

95 3047 194 3113 stituit
208 3047 313 3113 aalma
329 3058 357 3113 ct
371 3059 496 3115 terram.
542 3049 624 3114 Haec
638 3054 745 3114 antem
763 3046 869 3113 omnia
883 3052 1036 3111 conantm
1050 3053 1189 3112 evertere
1207 3047 1252 3114 illi

97 3150 149 3237 qui
168 3158 243 3216 sunt
256 3151 347 3216 malae
365 3151 538 3231 sententiae,
554 3153 594 3218 ob
608 3173 705 3218 unum
720 3150 848 3229 dictum,
864 3148 947 3233 quod
961 3148 1086 3233 quidem
1100 3148 1185 3235 apud
1198 3171 1253 3217 eos

96 3275 159 3320 non
173 3256 252 3321 bene
266 3255 458 3323 intellectum
472 3263 533 3323 est.

145 3441 155 3472 ¹
173 3442 335 3503 ἁγατητόςίο
350 3449 396 3493 not
407 3443 583 3509 unii-equently
594 3461 648 3493 ren·
697 3445 741 3493 the
758 3444 833 3493 latter
850 3448 913 3493 text.
950 3442 1002 3507 mo
1018 3442 1039 3491 is
1056 3446 1083 3490 to
1101 3443 1202 3507 acquire
1217 3443 1252 3508 by

96 3521 170 3572 dered
189 3524 223 3586 by
241 3524 284 3573 the
302 3522 390 3574 LXX.
415 3525 454 3573 for
476 3527 519 3574 the
541 3526 651 3575 Hebrevv
698 3527 851 3590 generation,
865 3542 892 3575 as
904 3523 1059 3574 Evenamed
1068 3525 1252 3574 herfirst·born

96 3604 165 3676 Ἱᾞζ,
178 3607 313 3666 μονογενής,
330 3606 380 3655 and
394 3607 517 3656 therefore
530 3607 590 3657 does
605 3612 651 3656 not
701 3608 772 3669 Cain,
786 3609 825 3657 sor
835 3609 879 3657 she
891 3608 952 3669 said,
966 3606 1042 3671 ’ΠἾΡ
1053 3608 1072 3656 Ι
1079 3607 1139 3656 leave
1148 3613 1224 3669 pottcn
1236 3621 1253 3655 α

96 3684 126 3732 oi
133 3687 255 3752 necessity
266 3688 363 3752 require
377 3690 420 3737 the
435 3694 499 3737 term
518 3690 565 3739 vus
578 3695 604 3739 to
619 3690 650 3738 be
701 3707 761 3739 mon
773 3691 844 3754 from
863 3690 900 3740 tic
914 3691 990 3752 Lord,
1011 3691 1074 3739 Gen.
1092 3690 1125 3737 iv.
1147 3703 1164 3737 1.
1198 3687 1253 3735 Tha

96 3768 233 3817 connected
244 3769 304 3817 with
316 3769 336 3817 it
348 3774 375 3818 to
386 3771 460 3819 make
467 3775 512 3819 out
520 3771 563 3819 the
570 3787 647 3831 sense,
699 3772 807 3821 creation
815 3771 890 3820 oithe
898 3768 1150 3832 vvorldisfrequently
1157 3767 1252 3830 spoken

95 3849 149 3898 δατ.
168 3849 201 3898 vi.
222 3848 261 3910 26,
280 3849 354 3899 Zech.
372 3851 415 3901 xii.
439 3866 475 3912 10,
496 3852 576 3900 where
592 3852 650 3900 itis
699 3853 728 3901 of
735 3869 763 3901 as
774 3869 790 3900 a
800 3853 942 3916 generative
954 3856 1003 3910 act,
1018 3850 1081 3899 Gen.
1095 3849 1119 3896 ii.
1134 3867 1156 3907 4,
1172 3847 1250 3905 Deut.

95 3930 197 3993 parallel
208 3932 270 3980 with
283 3933 436 3994 πρωτοτόκῳ.
699 3931 837 3990 uxii.18,
859 3945 896 3994 19,
916 3930 958 3979 Pa.
976 3945 1016 3978 xc.
1035 3942 1055 3987 a,
1079 3927 1131 3976 Job
1147 3926 1251 3977 xxxviii.

143 4011 312 4076 'rpotpuioe
328 4015 428 4063 Cannu.
438 4015 613 4077 perdidicerot.
701 4026 739 4076 29,
755 4011 805 4059 and
824 4011 851 4058 in
868 4012 918 4060 this
936 4027 1007 4059 sense
1025 4010 1077 4072 Hip
1096 4009 1177 4071 might
1193 4007 1251 4057 here

144 4093 156 4125 ³
172 4096 578 4159 queatieomittcdinthevose.
590 4097 648 4148 ΜΒ.
700 4106 772 4140 mean
791 4097 882 4146 σανα
898 4090 945 4138 but
959 4089 1012 4139 itis
1027 4090 1061 4153 bv
1072 4104 1105 4137 no
1117 4103 1203 4136 means
1220 4102 1253 4135 en

144 4174 156 4207 ⁴
172 4176 325 4237 adurimum,
338 4179 444 4228 omitted
455 4180 481 4228 in
493 4179 536 4228 the
548 4180 650 4228 Cunna.
700 4170 842 4235 equivalent
852 4170 891 4218 ior
902 4171 970 4220 tm.
1005 4170 1064 4218 Itis
1076 4174 1121 4217 not
1133 4167 1254 4232 improba·

95 4256 146 4306 and
158 4258 208 4307 AB.
222 4258 309 4319 MSS,
323 4258 412 4309 ishere
424 4259 555 4308 cancelled.
700 4253 747 4314 bie,
762 4253 883 4313 however,
898 4254 954 4301 that
968 4252 1010 4301 the
1025 4256 1081 4300 true
1098 4249 1214 4314 meaning
1228 4249 1257 4298 oi

145 4337 156 4369 ⁸
173 4337 262 4388 LXX.
275 4340 300 4388 ds
314 4339 402 4388 ἔκτισε.
431 4340 485 4389 'l'he
504 4340 652 4405 inaccuracy
701 4335 744 4384 the
760 4337 824 4394 root,
839 4349 866 4382 ss
883 4333 945 4382 used
958 4334 1024 4394 here,
1043 4333 1064 4381 is
1080 4329 1211 4397 preserved
1228 4330 1254 4379 in

96 4419 125 4468 of
134 4419 184 4468 thia
197 4419 347 4470 translation
359 4420 387 4470 of
396 4422 439 4471 the
450 4421 510 4470 verb
523 4422 583 4485 ΠΒΡ,
595 4423 653 4470 here
701 4411 744 4460 ih⁰
753 4410 885 4484 AEihiOPic
896 4410 974 4484 (ΗΡ,
987 4408 1101 4459 dmm
1106 4408 1168 4471 suff»
1177 4407 1257 4457 dmi*

96 4501 147 4550 and
157 4507 185 4550 at
196 4501 273 4552 Prcv.
281 4502 332 4551 viii.
347 4517 387 4566 aa,
399 4503 519 4553 hasbeen
530 4503 653 4553 shevvnin
701 4501 741 4552 nii
757 4501 815 4565 jure
832 4498 948 4566 possedi.
977 4501 1030 4550 'l'he
1048 4500 1148 4551 ancient
1165 4496 1255 4563 Coptic

98 4581 141 4630 the
161 4582 261 4633 editor's
278 4583 402 4635 Proiectis
419 4583 568 4637 Academica
585 4601 654 4651 upon
702 4600 781 4635 seems
800 4589 828 4636 to
843 4585 909 4635 have
924 4583 974 4635 had
991 4584 1034 4635 the
1050 4600 1119 4635 same
1131 4580 1200 4635 word
1215 4580 1256 4631 ior
