3000 4994
234 330 301 396 408
553 347 777 403 cuarosmas
804 350 1041 405 consenum.

100 519 191 606 {133}
235 505 349 587 ὄνομα.
413 505 462 577 Εἰ
487 504 556 607 γὰρ
586 505 675 578 ἄλλο
700 506 759 592 μὲν
785 509 877 580 οὗτοι
902 506 1061 593 δοκοῦσιν,
1088 507 1178 581 ἅλλο
1208 508 1243 580 δὲ
1272 511 1391 586 ἐκεῖνος

74 612 120 651 GR.
128 612 216 652 Vsu.
237 618 254 645 ν

87 658 202 699 ΜΗ,
234 649 318 714 εχων
352 618 532 704 ἐλεύσεται,
568 619 685 718 ῥᾳδίως
723 619 1036 715 ἕξοτατηθῆσονται
1074 621 1153 721 παρ’
1189 624 1301 694 αὑτοῦ·
1349 626 1390 699 ὡς

69 705 221 792 Α
232 727 379 814 μηδέπω
396 734 563 831 παρόντος
583 733 710 817 ἐκείνου,
731 733 767 804 ὃν
786 731 1026 832 φυλάσσεσθαι
1045 740 1215 835 προσήκει·

232 936 312 1010 ¹e0s,
328 932 381 1021 qni
396 932 473 997 falso
484 940 676 1019 praesumunt
689 933 769 998 scire
783 955 896 998 nomen
911 935 986 1019 ejus.
1020 933 1053 997 Si
1069 932 1153 998 enim
1167 932 1250 998 aliud
1261 931 1388 1018 quidem

234 1035 282 1099 ¹hi
298 1045 419 1122 putant,
435 1035 520 1100 aliud
533 1044 639 1100 autem
659 1034 710 1100 ille
732 1035 851 1100 habens
865 1036 1018 1115 adveniet,
1034 1036 1124 1100 facile
1137 1037 1326 1101 seducentur
1346 1037 1389 1101 ab

232 1159 280 1218 eo,
296 1139 385 1224 quasi
401 1138 532 1203 necdum
546 1137 629 1202 adsit
643 1138 704 1216 ille,
720 1160 813 1223 quem
827 1139 952 1203 'cavere
972 1138 1126 1204 convenit.

297 1245 327 1308 2.
366 1243 499 1327 Oportet
514 1241 618 1327 itaque
630 1241 708 1306 tales
722 1240 850 1319 discere,
863 1249 896 1306 et
910 1242 950 1305 ad
965 1264 1071 1306 verum
1082 1263 1238 1306 recurrere
1252 1240 1389 1305 nominis

231 1366 414 1419 numerum;
438 1353 559 1409 utnon
582 1343 615 1407 in
637 1343 975 1430 pseudoprophetarum
996 1343 1065 1409 loco
1085 1345 1283 1428 deputentur.
1323 1343 1389 1409 Sed

230 1449 364 1514 scientes
377 1449 502 1513 firmum
521 1468 684 1512 numerum
700 1447 752 1533 qui
771 1468 792 1511 a
807 1446 968 1531 Scriptura
987 1447 1190 1512 annuntiatus
1204 1453 1263 1522 est,
1279 1445 1388 1525 idest,

229 1561 447 1617 sexcentorum
461 1551 625 1638 sexaginta
638 1571 704 1628 sex,
720 1549 895 1615 sustineant
915 1550 1048 1633 primum
1063 1549 1188 1637 quidem
1202 1548 1389 1614 divisionem

230 1656 318 1743 regni
345 1656 378 1720 in
407 1655 534 1721 decem:
558 1661 630 1741 post
650 1653 762 1719 deinde
787 1653 848 1718 illis
871 1654 1085 1740 regnantibus,
1110 1660 1144 1718 et
1167 1652 1388 1737 incipientibus

230 1759 383 1845 corrigere
401 1780 459 1824 sua
480 1757 616 1846 negotia,
639 1765 672 1821 ct
689 1778 803 1843 augere
823 1779 915 1821 suurn
930 1778 1072 1842 regnum,
1093 1755 1145 1842 qui
1160 1755 1199 1819 de
1219 1755 1388 1840 improviso

227 1861 389 1925 advenerit
403 1882 532 1948 regnum
549 1860 608 1925 sibi
622 1860 791 1937 vindicans,
812 1867 845 1924 et
860 1860 989 1925 terrebit
1003 1859 1177 1946 praedictos,
1197 1858 1317 1922 habens
1331 1880 1389 1922 no·

231 1986 302 2028 men
324 1965 487 2029 continens
508 1963 691 2049 praedictum
712 1985 886 2041 numerum,
910 1963 993 2027 hunc
1015 1984 1085 2027 vere
1106 1982 1292 2048 cognoscere
1317 1984 1389 2027 esse

69 2088 155 2128 rrum
165 2089 212 2128 aa
229 2066 492 2131 abominationem
507 2065 715 2132 desolationis.
746 2066 819 2131 Hoc
834 2074 867 2130 et
883 2065 1055 2152 Apostolus
1065 2064 1127 2129 ait:
1151 2065 1226 2128 Cum
1240 2064 1388 2144 (λυαίου,

230 2170 315 2248 Pon,
331 2179 359 2234 ct
373 2170 528 2248 3ννυυὶτὶν,
549 2178 621 2233 tuno
633 2166 805 2233 subitaneus
825 2168 891 2234 ill-is
909 2169 1097 2255 soporos-niet
1115 2167 1266 2232 interitus.
1308 2166 1388 2232 Hie-

229 2273 342 2338 remias
356 2282 462 2338 autem
477 2294 539 2336 non
550 2272 650 2337 solum
665 2273 861 2337 subitaneum
876 2274 944 2359 ejus
958 2272 1136 2348 adventum,
1151 2269 1206 2334 sed
1221 2278 1254 2334 et
1269 2270 1390 2336 tribum

65 2399 108 2438 nr.
118 2399 160 2439 vn.
170 2400 199 2440 ra
229 2398 269 2442 ex
285 2399 346 2460 qua
360 2377 472 2455 veniet,
488 2375 715 2440 ⁴manisestavit
730 2374 853 2440 dicens:
877 2377 929 2440 Εσ
943 2375 1020 2438 Duo
1033 2374 1211 2439 ⁶ocdicmus
1225 2395 1325 2437 vocem
1339 2396 1388 2438 oe-

230 2479 359 2545 locitatis
374 2502 516 2567 equorum
535 2480 636 2564 ⁶ejcs:
660 2501 681 2544 ο
696 2501 763 2543 coco
781 2478 919 2543 linoltus
938 2479 1124 2543 decursionis
1142 2482 1301 2563 ὅνουνννινι
1323 2477 1390 2561 οὐν

228 2581 457 2647 corruraoceditur
471 2592 532 2647 tota
546 2591 653 2647 terra:
677 2589 706 2646 ct
719 2582 824 2659 neuin,
843 2589 871 2646 et
885 2579 1080 2644 rnoodccadit
1099 2589 1223 2656 ternam,
1240 2588 1269 2644 ct
1282 2580 1390 2664 pleni·

227 2684 363 2749 tudinem
382 2685 454 2770 οὐν,
469 2691 516 2750 ⁶ct
529 2685 693 2760 civitatem,
709 2693 738 2748 et
754 2683 809 2770 qui
828 2682 968 2749 dubitant
982 2684 1016 2747 iu
1031 2705 1077 2749 en.
1112 2681 1157 2747 Et
1171 2691 1296 2768 propter
1310 2683 1390 2750 5Ιιοο

65 2803 203 2897 pipern-a
227 2807 290 2850 non
305 2795 526 2852 annumeratur
540 2788 640 2852 tribus
651 2787 718 2851 haec
733 2786 765 2849 in
780 2786 968 2873 Apocalypsi
984 2785 1119 2851 cumbis
1133 2808 1202 2872 qun
1217 2786 1388 2854 salvantur.

67 2980 176 3068 affig-
229 2977 519 3079 Ἀσφαλὲστερον
539 2978 593 3050 οὖν
617 2981 670 3051 καὶ
698 2978 953 3080 ἀκινδυνότερον,
974 2980 1017 3053 τὸ
1047 2982 1227 3080 περιμένειν
1253 2980 1313 3063 τὴν
1336 2984 1389 3052 ἕκ-

227 3093 333 3179 βασιν
350 3100 407 3174 τῆς
430 3094 650 3190 προφητείας,
676 3089 693 3176 ii
719 3092 763 3165 τὸ
784 3092 1109 3194 καταστοχάζεσθαι
1136 3094 1188 3164 roi
1217 3124 1389 3176 καταμαν-

228 3204 380 3274 τεύεσθαι
400 3205 576 3286 ὀνόματος·
607 3204 711 3301 τυχὸν
731 3203 765 3275 δὲ
785 3206 840 3276 ἐπὶ
869 3212 1006 3277 πολλῶν
1031 3204 1202 3290 ὀνομάτων
1222 3209 1386 3304 εὑρεθῆναι

229 3312 402 3398 δυναμένου
425 3321 487 3386 τοῦ
516 3317 618 3388 αὐτοῦ
645 3312 817 3417 6ἀριθμοῦ,
833 3372 932 3390 .....
947 3322 976 3390 εἰ
1000 3317 1068 3418 γὰρ
1092 3315 1209 3390 πολλά
1232 3321 1310 3390 ε’στι
1339 3319 1387 3393 τὰ

228 3481 351 3547 Oenius
364 3503 439 3569 ergo
454 3489 486 3546 et
499 3481 568 3547 sine
582 3483 717 3568 periculo
732 3491 790 3563 est,
810 3485 964 3550 sustinere
983 3484 1235 3570 adimpletionem
1254 3485 1388 3570 prophe

226 3584 290 3662 tiae,
311 3607 404 3671 quam
423 3585 573 3671 suspicari
594 3594 627 3651 et
646 3585 784 3650 divinare
805 3587 930 3652 nomina
953 3587 1118 3672 quaelibet;
1143 3586 1266 3670 quando
1286 3587 1388 3653 multa

226 3689 353 3753 uomina
367 3688 496 3753 inveniri
511 3699 640 3775 possunt
655 3689 803 3754 babentia
818 3692 1001 3776 praedictum
1022 3712 1201 3763 numerum
1226 3699 1258 3753 et
1273 3689 1388 3754 nihilo·

226 3793 329 3858 minus
346 3793 471 3880 quidem
485 3793 544 3858 erit
558 3793 627 3858 haec
642 3793 751 3858 eadem
767 3794 908 3879 quaestio.
944 3793 997 3858 ⁷Si
1013 3793 1097 3858 enim
1112 3792 1211 3857 multa
1225 3801 1299 3857 sunt
1315 3815 1388 3878 quae

273 3965 282 3996 ¹
300 3966 351 4014 Aa.
364 3965 405 4024 cis,
420 3966 469 4014 and
481 3966 603 4028 imputant
615 3966 655 4014 lor
665 3965 693 4014 a·
701 3981 729 4029 p.
881 3968 892 3998 ⁴
908 3968 959 4017 Aa.
973 3968 1048 4016 omits
1060 3966 1232 4030 m-ontffcstutrd.

275 4045 378 4106 ²Vnu.,
394 4045 475 4096 Voss.
488 4062 577 4107 cocere,
591 4049 642 4096 Aa.
655 4047 743 4096 cuceri.
880 4048 890 4080 ⁵
907 4051 959 4097 Aa.
978 4049 1121 4098 audicimus
1142 4063 1212 4106 cocco,
1237 4047 1287 4096 and
1310 4048 1388 4098 omits

275 4128 286 4160 ³
303 4129 335 4177 G.
349 4129 378 4178 Τ.
392 4131 525 4191 ἀσφαλεὶα.
554 4131 644 4178 Auara.
663 4129 778 4191 ficudas.
829 4131 887 4193 ejus,
902 4146 1023 4194 equorum,
1036 4138 1064 4190 et,
1079 4130 1129 4178 and
1140 4130 1191 4179 loc.

226 4227 300 4275 vers.
325 4227 361 4276 It.
381 4227 493 4277 manea.
531 4227 585 4292 syr.
604 4192 736 4287 lano,
761 4234 781 4276 a
880 4221 1030 4272 anniso.
1043 4222 1202 4281 massona
1215 4220 1332 4280 auocat,
1346 4223 1388 4269 κο

225 4310 400 4373 tranquillitos,
411 4327 489 4360 seems
497 4317 524 4360 to
534 4313 598 4360 hare
609 4311 670 4359 been
682 4311 741 4359 read
752 4327 780 4359 as
830 4305 951 4364 Λατεῖνος,
965 4306 1005 4353 καὶ
1020 4305 1153 4362 Πατίσκος,
1169 4303 1223 4363 περὶ
1239 4300 1272 4349 ὤν
1290 4303 1387 4363 ἀνάγκη

224 4373 390 4468 [Lu-30,
404 4416 424 4457 d
435 4408 548 4469 mundio,
561 4409 604 4456 the
615 4408 679 4455 faint
689 4408 779 4456 mim,
830 4387 987 4447 σφάλλεσθαι
1005 4387 1047 4446 τῆς
1059 4386 1171 4444 ἀληθείας
1182 4384 1224 4430 τὸν
1238 4383 1293 4444 περὶ
1308 4384 1333 4431 ἐν
1345 4386 1386 4432 αὐ-

226 4487 305 4536 ouon
323 4481 350 4531 a
366 4489 459 4552 having
470 4488 531 4537 osen
548 4489 624 4552 ων]
635 4487 683 4536 roo
699 4488 725 4536 in
737 4488 779 4536 ns
830 4470 878 4517 τῶν
890 4470 1024 4530 ἐρχόμενον.

225 4571 335 4635 particle.
879 4551 939 4601 lAn
946 4549 1121 4615 interrogative
1129 4548 1218 4597 clausa.
1227 4545 1386 4609 λῃστείαν]
