3000 4994
226 353 291 418 148
645 363 701 418 Ex
725 362 960 417 EVANGELIIS

83 542 187 628 eru·

65 635 111 676 GR
123 634 163 674 lv.
172 635 202 675 ill.

71 681 199 723 urum·
711 667 813 734 cAP.
837 667 902 732 III.

102 729 152 767 ll&

225 841 388 918 Ostousio
422 842 520 942 qioocl
548 869 622 942 por
661 840 830 939 Moysom
872 838 1062 939 leqimlmio
1093 864 1273 914 sermones
1305 839 1378 914 siut

302 957 451 1035 Christi.
514 956 709 1059 Enpositio
736 957 930 1058 parabole
958 955 1099 1031 Divitis
1132 969 1164 1031 et
1192 957 1379 1056 pauperis

295 1077 443 1152 Lazari.

227 1291 255 1355 1.
299 1288 469 1372 Quon'rru
492 1293 598 1352 autem
615 1285 720 1372 Moysi
738 1284 836 1348 literae
851 1283 946 1350 verbs
962 1281 1027 1348 sint
1042 1281 1170 1361 christi,
1193 1282 1260 1368 ipse
1277 1283 1322 1349 ait
1336 1285 1377 1349 ad
1391 1303 1414 1342 o.
1425 1303 1469 1348 m.

224 1389 366 1468 Judaeos,
392 1388 650 1476 quemadmodum
674 1387 838 1452 Johnnnes
861 1387 894 1450 in
919 1385 1090 1473 Evangelio
1117 1395 1378 1453 commemoratus

59 1517 176 1566 serame,
224 1502 291 1558 est:
312 1494 350 1557 Si
372 1493 573 1557 credidissetis
592 1491 704 1576 Moysi,
725 1490 926 1555 credidissetis
947 1498 975 1553 et
997 1489 1092 1553 mili:
1115 1489 1154 1554 do
1171 1512 1217 1554 mo
1232 1491 1311 1554 enim
1326 1491 1378 1556 ille

223 1598 354 1683 sempsit.
391 1597 431 1660 Si
444 1604 545 1659 notem
559 1593 645 1659 illios
658 1592 755 1658 litoris
763 1615 821 1657 oon
833 1593 966 1670 creditis,
982 1597 992 1634 ¹
1003 1615 1097 1680 oeque
1109 1593 1184 1657 mois
1197 1594 1378 1660 simeonibus

60 1566 90 1611 47.

223 1700 360 1765 morietis.
405 1697 664 1762 Manifestissime
683 1696 863 1784 significans
879 1696 984 1782 Moysi
1004 1696 1111 1761 literas
1133 1719 1207 1762 suos
1224 1719 1292 1762 esse
1313 1721 1377 1764 ser-

223 1823 341 1869 mones.
396 1802 484 1889 Ergo
506 1800 533 1865 si
554 1801 670 1886 Moysi,
689 1807 723 1865 et
743 1800 931 1885 reliquorum
952 1800 1020 1865 sine
1039 1798 1134 1864 dubio
1157 1800 1377 1885 prophetarum

222 1925 382 1970 sermones
396 1903 494 1989 ipsius
504 1911 588 1980 sunt,
600 1901 859 1988 quemadmodum
872 1901 1161 1967 demonstravimus.
1205 1902 1250 1965 Et
1265 1902 1377 1967 iterum

224 2006 292 2093 ipse
307 2007 462 2071 Dominus
476 2005 612 2071 ostendit
628 2004 790 2069 Abraham
806 2003 922 2069 dixisse
937 2004 1025 2069 diviti
1041 2004 1080 2069 de
1091 2004 1142 2069 his
1153 2005 1307 2083 omnibus,
1324 2006 1375 2092 qui

61 2124 163 2168 nuere.
173 2127 203 2166 ³¹·
224 2109 326 2175 adhue
340 2118 428 2175 erant
443 2109 474 2172 in
489 2109 569 2173 vita:
592 2109 629 2171 Si
646 2108 749 2192 Moysi
762 2117 792 2173 ot
799 2109 957 2194 proplotrs
971 2131 1029 2174 non
1041 2108 1190 2186 obediunt,
1202 2130 1255 2172 noo
1268 2110 1296 2173 si
1310 2110 1378 2195 quis

223 2233 247 2277 o
260 2213 384 2276 mortuis
397 2233 555 2298 rmuroons
571 2211 616 2274 od
628 2211 695 2274 ilos
709 2221 768 2288 rot,
784 2212 923 2277 ²oroloot
938 2214 977 2277 ri.

291 2318 322 2381 2.
347 2315 419 2380 Nou
433 2324 539 2380 sutem
562 2314 698 2379 sabulum
718 2314 824 2380 retulit
842 2314 932 2379 nobis
954 2314 1099 2400 pauperis
1113 2321 1145 2380 et
1165 2313 1289 2388 divitisr
1320 2314 1376 2379 sed

224 2420 358 2506 primum
382 2419 505 2506 quidem
528 2419 634 2485 docuit
658 2419 812 2484 neminem
834 2426 976 2503 oportere
999 2417 1118 2482 deliciis
1143 2417 1319 2503 utiusque
1343 2419 1376 2482 iu

223 2524 413 2590 secularibus
436 2523 672 2589 oblectamentis
693 2530 726 2587 et
747 2520 853 2586 multis
873 2520 972 2606 epulis
991 2521 1149 2608 degentes,
1175 2520 1289 2586 servire
1311 2523 1377 2587 suis

62 2643 164 2685 mxu
174 2644 204 2685 ¹⁹·
223 2627 443 2712 voluptatibus,
459 2635 492 2693 et
506 2625 643 2693 oblivisci
661 2625 774 2692 Deum.
811 2625 896 2689 Erat
910 2627 999 2703 enirn,
1012 2625 1123 2711 inquit,
1140 2625 1232 2703 diors,
1244 2628 1299 2712 qui
1313 2649 1376 2690 ons
1456 2690 1457 2694 ,

224 2728 356 2795 tielotur
363 2751 543 2816 purproram
558 2738 586 2795 et
597 2729 721 2814 dystro,
736 2738 764 2793 ot
777 2727 1001 2793 'deltotolotor
1011 2728 1110 2814 opulis
1121 2728 1297 2814 splendidis.
1325 2729 1375 2793 De

61 2852 144 2893 nutv.
153 2852 183 2894 u
224 2830 339 2895 talibus
353 2839 458 2896 autem
471 2839 504 2896 et
522 2852 579 2917 per
594 2829 722 2894 Essiam
736 2829 816 2895 dixit
832 2829 987 2915 Spiritus:
1012 2831 1089 2894 (lom
1106 2831 1241 2908 oitlorrls,
1258 2840 1286 2895 ot
1300 2841 1375 2915 tym-

217 2935 323 3019 panis,
340 2943 369 2999 ot
384 2933 554 3022 psalteriis,
575 2941 603 2998 ot
623 2932 705 2998 tiliis
723 2932 828 2996 vinum
848 2930 969 2995 bibunt:
992 2954 1085 3018 opero
1108 2942 1208 2998 nutem
1232 2935 1297 2998 Doi
1317 2957 1376 2999 oron

223 3036 391 3116 intuentur,
422 3047 451 3102 ot
471 3057 564 3123 opero
587 3057 734 3099 mosomo
754 3035 818 3120 ejus
842 3056 902 3099 oon
927 3035 1125 3100 consido-orit.
1171 3035 1220 3102 Ne
1245 3059 1320 3125 ergo
1343 3038 1376 3102 in

223 3139 355 3205 eandem
369 3161 493 3227 poeusm
507 3160 579 3205 oum
594 3138 644 3203 his
651 3138 820 3217 veniamus,
830 3139 923 3205 finem
935 3161 1043 3205 eorum
1052 3140 1188 3206 ostendit
1202 3142 1373 3218 Dominus3

224 3241 316 3308 simul
331 3243 520 3329 significans,
536 3243 619 3328 quod
635 3242 814 3309 obedientes
831 3244 936 3332 Moysi
952 3253 985 3310 et
1000 3245 1158 3331 prophetis
1168 3247 1329 3312 crederent
1342 3247 1375 3311 in

225 3366 296 3410 eum
313 3367 404 3432 quem
420 3345 478 3431 ipsi
494 3345 716 3431 praedicassent
731 3346 792 3411 Dei
810 3346 937 3427 Filium,
950 3347 1005 3434 qui
1019 3349 1187 3413 resurrexit
1200 3371 1220 3414 a
1234 3350 1373 3428 mortuis,

224 3456 257 3511 et
268 3446 365 3510 vitum
380 3447 470 3512 nobis
480 3447 585 3525 donst,
596 3456 628 3513 et
640 3449 833 3514 demonstrat
847 3470 889 3514 ex
899 3471 963 3515 uns
977 3451 1231 3516 substantiaesse
1243 3452 1374 3529 ‘omnim

224 3547 257 3613 id
286 3556 336 3613 est
362 3548 535 3628 Abraham,
560 3559 592 3614 et
618 3549 775 3637 Moysem,
800 3559 833 3616 et
856 3551 1034 3637 prophetes,
1058 3552 1156 3616 etism
1182 3552 1285 3638 ipsum
1309 3552 1375 3618 Do-

223 3650 343 3716 minum
366 3651 419 3735 qui
440 3651 608 3716 resurrexit
630 3673 651 3716 s
670 3654 811 3730 mortuis,
835 3653 868 3718 in
891 3676 982 3740 quem
999 3654 1129 3720 eredunt
1150 3663 1183 3720 et
1208 3655 1297 3721 multi
1322 3657 1375 3741 qui

224 3767 298 3823 sunt
312 3780 352 3824 ex
373 3757 617 3831 circumcisione,
634 3758 686 3842 qui
702 3767 735 3823 et
759 3758 905 3845 Moysem
924 3767 958 3824 et
972 3758 1140 3846 prophetas
1153 3759 1284 3824 audiunt
1298 3783 1376 3847 prae-

224 3862 365 3928 dieantes
393 3861 560 3927 adventum
592 3860 665 3925 Filii
690 3861 759 3927 Dei.
807 3861 868 3943 Qui
891 3868 998 3926 sutem
1016 3868 1195 3947 ⁶spernunt,
1215 3863 1256 3927 ab
1278 3864 1377 3928 alters

61 3986 193 4027 cumnis
223 3965 401 4030 substantio
414 3962 1040 4050 eosessediount,nequeprimogenitum
1050 3974 1242 4031 mortuorum
1251 3966 1374 4042 soiunt;

224 4067 391 4154 separatim
405 4065 564 4131 Christum
579 4066 797 4153 intelligentes,
821 4073 981 4152 tamquam
1000 4066 1222 4153 impossibilem
1236 4091 1377 4154 perseve-

274 4219 283 4252 ¹
301 4221 346 4269 Gr.
360 4221 410 4269 rdu
427 4220 476 4268 τοῖς
492 4221 556 4279 ἐμοῖς
571 4219 661 4282 ῥήμασι
677 4222 774 4269 mered
825 4221 897 4283 πρῶς.

225 4318 298 4361 orm
874 4316 886 4349 ⁴
902 4321 929 4367 ἐκ
944 4321 1000 4379 μιᾶς
1016 4323 1097 4373 οὐσίας
1112 4324 1172 4372 εῖναι
1183 4323 1264 4373 πάντα
1277 4324 1293 4373 l.
1307 4324 1376 4385 (rdo-

273 4382 430 4432 ¹crcdeutri
449 4383 775 4476 ὃοὸγττώὼσύο
824 4398 887 4461 rar).

691 4477 775 4526 ‚ou
873 4480 884 4514 ³
899 4490 1023 4545 romunt,
1037 4483 1075 4543 ol,
1090 4485 1232 4545 Cu,Voss.
1261 4485 1314 4536 'Ilre
1323 4490 1374 4539 An.

274 4558 285 4591 ³
302 4560 347 4609 Gr.
361 4559 540 4622 εὐφραινόμενος
551 4560 606 4610 καθ’
618 4561 774 4625 ἡμέρανλαμ-
824 4563 883 4613 MS.
896 4564 942 4613 hus
952 4563 1103 4627 dr'rpernrm
1115 4573 1136 4615 a
1146 4566 1185 4617 alr.
