3000 4994
519 454 829 509 rmuovnrvnuu.
1184 441 1247 506 291

86 609 174 692 forte
187 607 458 694 elihpraedicooe,
473 607 539 693 ipse
552 608 696 693 reprobas
709 609 836 692 ffeier.
874 608 982 673 Bonus
996 607 1092 696 igitur
1105 607 1251 695 agonista
1287 624 1389 710 appp-

95 710 135 775 ad
158 710 372 796 incorruptelae
393 731 526 797 agonem
546 711 731 776 adhortatur
752 732 820 789 nos,
840 710 886 775 uti
910 732 1103 787 coronemur,
1126 718 1159 775 et
1181 732 1249 796 pre-
1292 716 1387 803 “ff-

94 812 208 876 tiosam
237 813 422 877 arbitremur
451 834 607 890 coronam,
638 812 781 878 videlicet
811 835 881 898 quae
911 836 966 899 per
996 835 1130 900 agonem
1160 813 1250 877 nobis
1272 807 1400 899 ssffl'·

94 916 290 1001 ¹acquiritnr‚
305 916 439 981 sednon
454 917 535 981 ultro
549 916 704 982 coalitam.
751 916 796 982 Et
810 926 927 1002 quanto
941 940 997 1004 per
1010 939 1144 1004 agonem
1159 918 1250 982 nobis
1262 931 1412 1014 Μ

94 1018 230 1097 advenit,
245 1027 335 1084 tanto
353 1027 402 1084 eat
417 1019 598 1104 pretiosior:
622 1029 740 1107 quanto
757 1027 864 1085 autem
879 1020 1051 1105 pretiosior,
1072 1028 1162 1085 tanto
1180 1041 1251 1085 eam

97 1197 174 1292 Οῠχ
202 1196 320 1280 ὁμοίως
349 1196 527 1287 ἀγαπᾶται
556 1194 600 1267 τὰ
630 1197 664 1266 ἐκ
693 1203 757 1268 τοῦ
781 1193 974 1280 αὐτομάτου
998 1197 1249 1295 τροσγινόμενα
1262 1216 1408 1304 folh’ffim

97 1319 169 1385 τοῖς
185 1306 272 1392 μετὰ
293 1307 436 1391 σπουδῆς
456 1310 705 1408 εὑρισκομένοις.

96 1512 219 1578 semper
235 1491 411 1578 diligamus.
457 1490 521 1555 Sed
540 1513 641 1579 neque
652 1490 801 1569 ‚similiter
820 1491 1007 1579 ’diliguntur
1024 1512 1063 1556 ea
1082 1512 1152 1577 qnae
1170 1489 1252 1556 ultro

96 1595 273 1672 adveniunt,
293 1616 387 1680 quam
407 1593 460 1659 illa
475 1617 545 1680 quae
564 1617 636 1660 cum
657 1594 756 1659 multa
777 1595 983 1661 sollicitudine
1001 1594 1250 1659 adinveniuntur.

98 1697 253 1780 Quoniam
268 1697 364 1785 igitur
385 1698 456 1783 lpro
476 1697 569 1762 nobis
585 1705 663 1774 erat,
683 1699 752 1782 plus
769 1698 897 1784 diligere
915 1699 1030 1775 Deum,
1049 1718 1120 1763 cum
1134 1698 1252 1783 ⁴agone

96 1801 156 1867 hoc
177 1800 269 1866 nobis
289 1801 477 1879 adinvenire,
498 1805 549 1865 ὕοι
567 1799 723 1865 Dominus
744 1801 860 1878 docuit,
875 1810 909 1866 et
923 1800 1096 1887 Apostolus
1113 1799 1249 1865 tradidit.

98 1903 144 1969 Et
160 1903 238 1968 alias
251 1911 358 1968 autem
375 1906 475 1969 6esset
489 1900 632 1967 videlicet
651 1910 792 1968 nostrum
810 1903 1004 1967 insensatum
1023 1903 1149 1980 bonum,
1168 1900 1253 1987 quod

98 2007 198 2071 ⁷esset
213 2004 462 2070 inexercitatum.
494 2004 558 2068 Sed
572 2012 605 2069 et
618 2004 721 2069 videre
736 2026 798 2069 non
812 2010 955 2068 ⁸tantum
969 2003 1059 2069 nobis
1073 2012 1156 2069 esset
1171 2003 1252 2068 desi·

98 2108 243 2186 derabile,
260 2107 318 2172 nisi
334 2106 586 2194 cognovissemus
601 2116 753 2192 quantum
767 2114 851 2172 esset
865 2106 982 2172 malum
999 2127 1062 2170 uon
1076 2106 1198 2170 videre:
1219 2114 1252 2172 et

98 2212 177 2276 bene
190 2211 291 2276 valere
306 2219 411 2275 autem
426 2209 507 2274 male
520 2209 652 2274 valentis
666 2211 858 2296 experientia
868 2210 1077 2276 honorabilius
1090 2210 1201 2286 efficit;
1219 2218 1252 2275 et

98 2311 209 2390 lucem,
225 2313 422 2378 tenebrarum
437 2312 647 2397 comparatio;
671 2322 704 2378 et
718 2313 825 2391 vitam,
840 2313 961 2379 mortis.
1006 2314 1060 2379 Sic
1074 2322 1107 2379 et
1124 2314 1252 2378 coeleste

97 2436 229 2501 regnum
247 2414 456 2480 honorabilius
475 2422 525 2479 est
543 2414 593 2479 his
612 2415 665 2500 qui
684 2424 895 2502 cognoverunt
912 2425 1080 2482 terrenum.
1125 2416 1252 2498 Quanto

97 2525 204 2580 autem
224 2515 443 2594 honorabilius,
466 2524 557 2581 tanto
571 2516 673 2604 magis
692 2517 850 2605 diligimus
864 2517 960 2595 illud;
983 2529 1017 2586 et
1037 2520 1065 2585 si
1086 2519 1156 2604 plus
1176 2518 1253 2583 illud

99 2618 306 2698 dilexerimus,
322 2618 468 2684 clariores
482 2617 596 2683 erimus
610 2619 694 2704 apud
711 2619 824 2685 Deum.

166 2725 196 2786 2.
241 2723 306 2788 Pro
327 2721 418 2788 nobis
440 2722 536 2810 igitur
558 2722 663 2787 omnia
684 2723 752 2789 baec
773 2723 924 2789 sustinuit
945 2722 1112 2802 Dominus,
1133 2724 1180 2788 uti
1197 2746 1253 2810 per

99 2825 204 2890 omnia
215 2825 337 2902 emditi,
353 2825 385 2888 in
400 2825 543 2890 omnibus
557 2825 591 2888 in
605 2825 743 2890 futurum
754 2825 853 2891 simus
866 2827 960 2904 cauti,
976 2836 1008 2891 et
1022 2848 1252 2913 perseveremus

100 2928 133 2992 in
147 2928 232 2992 omni
245 2929 314 3014 ejus
328 2926 502 3005 dilectione,
517 2927 744 2994 rationabiliter
763 2929 866 2995 edocti
886 2930 1014 3017 diligere
1034 2931 1157 2995 Deum:
1181 2930 1252 2996 Deo

100 3031 225 3115 quidem
239 3031 528 3118 magnanimitatem
543 3038 712 3116 praestante
730 3031 765 3095 in
778 3032 937 3117 apostasia
950 3032 1104 3107 hominis;
1126 3032 1253 3097 homine

99 3141 205 3197 autem
216 3133 336 3197 emdito
352 3155 407 3219 per
420 3154 500 3210 eam,
513 3134 772 3218 quemadmodum
783 3143 816 3198 et
826 3135 979 3220 propheta
989 3134 1050 3199 ait:
1067 3134 1254 3201 llhvreadedit
1264 3167 1412 3209 mom

100 3244 128 3300 te
142 3234 284 3298 abscessio
301 3244 377 3305 taos
402 3234 594 3320 praefiniente
609 3234 679 3300 Deo
700 3235 804 3301 omnia
818 3236 859 3300 ad
873 3236 1008 3301 hominis
1021 3237 1252 3323 perlectionem,

100 3345 134 3403 et
155 3339 196 3403 ad
219 3337 468 3413 aedificationem,
495 3345 528 3402 et
554 3338 836 3403 manifestationem
864 3339 1120 3424 dispositionum
1151 3341 1198 3405 uti
1221 3349 1254 3406 et

100 3440 225 3505 bonitas
244 3439 436 3517 ostendatur,
452 3447 484 3504 et
494 3439 619 3524 justitia
637 3440 824 3526 perficiatur,
848 3449 880 3506 et
901 3441 1044 3507 Ecclesia
1059 3443 1101 3507 ad
1120 3442 1254 3530 figuram

101 3540 246 3628 imaginis
269 3541 342 3605 Filii
361 3542 429 3628 ejus
449 3550 622 3625 coaptetur,
644 3550 677 3606 et
699 3543 827 3608 tandem
848 3543 1014 3629 aliquando
1035 3553 1177 3610 maturus
1197 3546 1255 3610 fiat

101 3644 205 3723 homo,
222 3645 254 3709 in
269 3644 367 3709 tantis
381 3653 592 3709 maturescens
606 3644 647 3708 ad
662 3643 828 3710 videndum
842 3655 875 3710 et
890 3647 1075 3732 capiendum
1090 3647 1205 3713 Deum.

150 3829 160 3861 ¹
176 3830 229 3878 'lue
244 3828 345 3878 Ouzala
363 3828 467 3892 reading
477 3826 652 3889 οοιιίιίιιιιταιι,
703 3831 755 3888 refe
764 3827 806 3875 τὸν
816 3826 884 3886 Θεὸν,
897 3826 913 3874 i.
922 3842 943 3875 e.
956 3833 1066 3875 ποιιτιιιι
1075 3833 1134 3874 erat.

101 3911 149 3972 sed,
169 3912 290 3961 indicates
304 3910 450 3973 aequiritur,
468 3925 557 3971 aeram,
576 3910 623 3958 but
638 3925 655 3958 a
751 3906 764 3938 ⁴
780 3923 862 3970 ogeru,
878 3906 987 3967 Ornos,
1002 3906 1091 3955 Mrao.
1104 3919 1145 3967 11.,
1162 3907 1255 3958 souuds

102 3994 232 4041 confusion
247 3992 341 4056 having
355 3991 432 4039 taken
447 3991 524 4055 place,
540 3989 583 4039 aed
596 4005 655 4054 may
702 3988 753 4037 like
764 3988 807 4037 the
818 3992 913 4037 correct
925 3988 1036 4052 reading.
1063 3986 1251 4050 01..,Aaurm.,

101 4073 165 4121 have
176 4073 238 4121 been
248 4072 393 4122 asterwards
404 4071 491 4120 added.
703 4068 784 4118 Voss.
801 4068 889 4118 labore.

151 4152 163 4184 ²
179 4153 279 4203 Cunna.
293 4153 501 4216 diligenterque.
753 4150 765 4182 ⁸
780 4157 808 4210 et,
821 4151 873 4199 Aa.
885 4149 991 4213 missing
1001 4150 1028 4198 in
1040 4149 1095 4211 (lu,
1108 4150 1189 4200 Voss.

152 4233 655 4299 ³pmoobis,renderedbszuuasand
753 4229 841 4291 ‘esset
855 4231 960 4280 omitted
970 4233 1021 4281 Aa.

103 4317 223 4367 Frusan.
243 4334 270 4365 es
291 4319 344 4378 μεθ’
365 4318 438 4377 ἡμῶν,
461 4331 534 4379 ροισι
551 4330 604 4374 aas,
627 4319 655 4363 ιο
752 4313 764 4347 ⁷
780 4316 833 4364 Aa.
852 4314 916 4377 qued
931 4321 963 4364 αι
980 4314 1022 4364 sed
1039 4329 1070 4363 ne
1087 4315 1256 4374 nemimem,-

103 4399 183 4447 which
196 4398 282 4448 Mass.
295 4404 399 4448 assents.
434 4396 605 4459 Gamsgivee
612 4395 655 4444 the
704 4398 751 4446 but
766 4398 809 4446 the
820 4398 903 4447 Greek
918 4414 996 4447 scenas
1009 4403 1037 4447 ιο
1050 4398 1115 4448 bavo
1131 4399 1201 4459 been,
1216 4402 1257 4449 rol

104 4486 149 4529 not
162 4497 223 4545 very
237 4480 383 4544 intelligible
398 4479 473 4544 gloss,
493 4495 506 4527 e
518 4494 544 4527 rc
559 4483 656 4532 ιιοιιναι
705 4478 786 4528 oller
796 4481 839 4537 μὲν
851 4478 880 4527 ιιι
894 4477 910 4540 ᾖ
924 4480 1034 4539 δηλονότι
1050 4480 1142 4541 ἄλογον
1158 4481 1186 4530 τὸ
1199 4481 1256 4540 ἡμι-

103 4563 151 4611 but
165 4563 209 4611 the
223 4562 307 4610 Greek
319 4562 462 4625 equivalent
474 4577 533 4625 may
545 4559 576 4609 be
594 4557 656 4605 indi·
705 4576 775 4623 τερον
786 4561 885 4623 ἀγαθὸν,
899 4561 958 4610 ὅταν
969 4562 1119 4623 ἀμελέτητοι
1129 4580 1155 4626 ῃ.

104 4642 185 4703 aad,
197 4644 298 4693 duleis
309 4644 348 4706 ἐφ’
357 4640 484 4706 ἡμῖνγ’ἧν
493 4639 658 4703 putavere·
754 4637 765 4673 ⁸
785 4640 830 4692 01..
843 4642 934 4693 inm
944 4641 984 4695 ιἰι.
