3000 4994
253 296 296 361 26
694 313 972 367 ANTICHRIS'I'US

87 475 364 571 gpppypmeates
391 466 562 550 infidelium
586 467 677 554 lajas
697 468 813 536 cocali.
869 467 915 534 Et
942 468 1002 534 hoc
1031 489 1087 554 per
1115 467 1409 534 subdistinctionem

100 576 228 662 “affin
254 569 438 636 ostenditur.
482 570 556 636 Non
580 573 663 635 enim
691 570 795 636 Deum
822 571 915 658 hujus
936 571 1042 636 saeculi
1064 570 1140 636 dicit
1166 571 1293 645 Paulus,
1320 569 1409 658 quasi

89 694 240 704 --
253 693 346 758 super
368 672 454 737 illum
477 673 610 739 alterum
635 673 770 760 aliquem
795 675 917 749 sciens;
944 674 1000 739 scd
1025 674 1129 739 Deum
1156 674 1281 761 quidem
1304 674 1409 738 Deum

252 773 414 840 confessus
429 784 496 840 est:
520 776 661 841 infideles
675 785 780 841 autem
796 776 901 841 saeculi
919 776 1013 862 hujus
1030 776 1116 855 dicit,
1137 776 1283 863 quoniam
1298 785 1409 840 ventu-

252 899 322 941 rum
346 877 562 962 incorruptelae
588 901 650 944 non
676 878 907 944 haereditabunt
931 879 1091 945 saeculum.
1137 878 1409 962 Quemadmodum

251 990 358 1046 autem
377 980 466 1046 Deus
488 983 656 1047 excoecavit
681 991 803 1047 mentes
826 981 1005 1059 infidelium,
1027 1005 1068 1047 ex
1089 980 1158 1067 ipso
1182 982 1282 1047 Paulo
1303 990 1408 1046 osten·

253 1085 373 1162 demus,
383 1085 562 1170 proficiente
578 1086 667 1151 nobis
680 1106 833 1164 sermone,
843 1096 879 1150 ut
890 1107 952 1150 non
964 1107 1046 1151 nunc
1059 1086 1090 1150 in
1101 1085 1233 1151 multum
1242 1106 1409 1150 avocemus

253 1197 391 1253 mentem
405 1197 544 1253 nostram
558 1211 579 1253 a
589 1191 758 1276 proposito.

319 1296 349 1357 2.
397 1293 552 1374 Quoniam
572 1301 679 1359 autem
701 1293 881 1380 hyperbatis
903 1293 1080 1381 frequenter
1101 1292 1200 1358 utitur
1222 1290 1407 1378 Apostolus,

253 1405 379 1482 propter
393 1397 590 1463 velocitatem
608 1419 786 1465 sermonum
801 1419 938 1476 suornm,
953 1406 986 1463 et
1001 1405 1128 1484 propter
1141 1397 1292 1483 impetum
1307 1395 1359 1482 qui
1374 1394 1407 1458 in

253 1500 322 1586 ipso
340 1509 390 1566 est
406 1501 550 1588 Spiritus,
568 1523 608 1566 ex
628 1502 735 1567 multis
757 1501 882 1587 quidem
903 1501 972 1567 aliis
993 1510 1042 1566 est
1064 1500 1211 1564 invenire.
1250 1498 1312 1563 Sed
1327 1508 1360 1562 et
1375 1498 1408 1561 in

254 1625 293 1668 ea
307 1626 377 1691 quae
392 1613 441 1670 est
464 1604 505 1668 ad
521 1604 661 1683 Galatas,
685 1604 731 1670 sic
747 1604 810 1670 ait:
838 1605 923 1685 Quid
942 1627 1011 1691 erpo
1029 1603 1095 1668 1tee
1100 1601 1286 1688 factorem?
1301 1602 1408 1687 posito

254 1717 305 1786 cat,
327 1729 477 1794 usquequo
494 1709 599 1772 oeoiea
611 1729 709 1773 actaea
723 1708 776 1773 rot
790 1709 976 1794 protinam
991 1717 1042 1786 ert,
1055 1707 1204 1793 disposito
1215 1727 1275 1792 per
1288 1704 1409 1789 anyches

34 1814 45 1829 ‘
94 1828 211 1870 anione.
254 1811 290 1875 io
314 1830 409 1874 moon
437 1809 634 1876 Mediatore’r.
679 1810 842 1876 Ordinatio
871 1811 955 1876 enim
982 1811 1028 1875 sic
1057 1819 1125 1876 est:
1161 1808 1246 1888 Quid
1265 1829 1334 1893 erpo
1359 1806 1409 1871 lan

245 1913 433 2000 sodomam?
463 1914 612 2000 disposito
628 1937 690 2001 per
708 1915 828 2001 capelos
849 1916 884 1980 io
906 1936 1001 1980 mona
1021 1913 1210 1980 Mediatoris
1226 1912 1333 1998 posito
1354 1918 1406 1987 est,

253 2016 421 2102 usquedum
435 2018 539 2082 oeoiot
551 2039 649 2082 semea
663 2019 905 2104 oalproma'asam
919 2028 981 2083 est:
997 2027 1033 2082 ut
1047 2017 1088 2082 sit
1103 2016 1197 2081 homo
1210 2016 1408 2101 interrogans

253 2129 286 2185 et
317 2119 453 2205 Spiritus
481 2121 679 2207 respondens.
726 2121 772 2187 Et
796 2120 908 2186 iterum
934 2121 967 2185 in
989 2121 1126 2187 secunda
1145 2119 1186 2184 ad
1208 2116 1407 2183 Thessaloni-

86 2246 231 2290 anissua.
254 2244 372 2299 censes,
394 2223 433 2288 de
456 2224 653 2290 Antichristo
675 2226 790 2304 dicens,
813 2227 877 2290 ait:
900 2226 945 2292 Et
968 2235 1040 2290 tooo
1060 2222 1245 2289 revelabitur
1270 2222 1405 2308 iniquas
1418 2250 1495 2294 am.

253 2348 340 2414 quern
355 2327 506 2392 Dominus
519 2328 610 2393 Jeaos
624 2328 762 2394 Glrehtas
772 2330 930 2411 interficiat
942 2330 1058 2416 spirita
1072 2328 1134 2392 oris
1147 2327 1207 2404 sai,
1231 2335 1260 2391 et
1273 2325 1408 2391 destruet

245 2433 419 2517 praescotia
432 2431 643 2497 adventasset
656 2432 755 2512 illum,
771 2434 856 2518 cujas
870 2443 912 2498 est
926 2433 1072 2497 calceatos
1081 2430 1243 2496 mandam
1256 2429 1407 2515 operatio-

253 2556 322 2599 nem
341 2536 479 2613 Sotoooe,
495 2536 530 2599 io
548 2537 631 2600 omni
645 2538 757 2601 virtute
770 2547 799 2601 et
816 2537 911 2623 aipais
928 2546 957 2601 et
964 2536 1117 2622 portenae
1133 2534 1298 2600 mendacii.
1347 2532 1406 2598 Et-

253 2639 336 2703 enim
351 2637 383 2704 in
398 2637 448 2703 his
460 2638 614 2703 ordinatio
629 2638 781 2705 dictorum
796 2641 841 2706 sic
856 2648 921 2706 est:
938 2640 983 2705 Et
992 2651 1064 2706 laco
1075 2636 1260 2704 revelabitur
1271 2637 1405 2724 iniquas,

253 2742 340 2826 cujas
359 2751 402 2806 art
415 2741 563 2805 docatus
579 2741 742 2806 senodum
759 2744 963 2829 operatiorem
977 2744 1114 2820 Sotoooe,
1129 2741 1164 2805 a'a
1180 2741 1262 2804 omni
1281 2739 1404 2819 virtute,

253 2853 282 2909 et
309 2844 414 2930 sipara
440 2853 469 2909 et
486 2845 638 2929 ponentis
656 2845 819 2924 mendacii,
845 2868 932 2933 qoem
957 2846 1107 2910 Dominae
1129 2845 1221 2910 Jeroa
1244 2844 1408 2927 interficiet

251 2947 365 3032 spirito
389 2946 452 3010 oris
471 2947 530 3026 cai,
555 2956 584 3011 et
607 2946 736 3013 destruet
754 2950 923 3034 proeseotio
943 2948 1091 3014 calceatos
1111 2947 1169 3013 sati.
1226 2945 1299 3012 Non
1320 2946 1406 3011 enim

251 3049 419 3114 adventum
434 3049 561 3115 Domini
583 3050 659 3116 dicit
680 3053 849 3116 secundum
865 3053 1077 3138 operationem
1099 3053 1225 3117 Satanae
1240 3050 1326 3126 ficri;
1349 3050 1405 3115 sed

251 3152 420 3219 adventum
442 3153 549 3241 iniqui,
572 3176 665 3241 quem
687 3163 719 3221 et
741 3155 971 3222 Antichristum
994 3156 1136 3221 dicimus.
1187 3154 1223 3219 Si
1243 3176 1319 3242 ergo
1341 3175 1404 3219 non

250 3256 395 3322 attendat
416 3256 528 3344 aliquis
550 3256 685 3336 lectioni,
711 3267 744 3323 et
766 3259 928 3323 intervalla
948 3258 1145 3345 aspirationis
1171 3257 1350 3322 manifestet
1371 3256 1404 3321 in

251 3382 312 3447 quo
335 3359 456 3437 dicitur,
472 3369 562 3426 erunt
580 3383 642 3425 non
663 3370 788 3426 tantum
809 3362 1054 3449 incongruentia,
1076 3361 1132 3425 sed
1146 3369 1180 3426 et
1194 3360 1405 3446 ²hlasphemat

250 3463 368 3550 legens,
379 3464 466 3550 quasi
480 3464 608 3529 Domini
622 3465 775 3531 adventus
788 3466 957 3531 secundum
969 3465 1179 3551 operationem
1194 3465 1251 3529 fiat
1266 3464 1403 3529 Satanae.

252 3567 343 3634 Sicut
356 3590 431 3656 ergo
446 3570 479 3632 in
493 3569 608 3634 talibus
622 3578 745 3656 oportet
760 3592 815 3656 per
828 3570 992 3636 lectionem
1007 3570 1199 3656 hyperbaton
1218 3568 1352 3648 ostendi,
1371 3576 1404 3634 et

250 3680 491 3758 consequentem
525 3672 670 3757 Apostoli
699 3673 813 3738 servari
842 3694 978 3754 sensum,
1008 3672 1053 3737 sic
1083 3680 1116 3737 et
1141 3671 1183 3737 ibi
1207 3693 1271 3736 non
1299 3670 1404 3737 Deum

300 3880 310 3912 ²
327 3879 508 3944 Lascctoram
520 3880 570 3929 Gn.
584 3880 746 3943 παραβάσεων
756 3880 801 3942 χά·
850 3886 962 3944 century,
976 3881 1002 3929 in
1014 3880 1096 3930 Greek
1106 3881 1157 3929 and
1168 3880 1252 3940 Latin,
1266 3879 1310 3928 the
1321 3879 1405 3929 Greek

250 3982 287 4026 pte
298 3966 434 4026 προσετέθη
446 3966 515 4026 typar
525 3961 554 4012 orl
565 3967 639 4013 κ.τ.λ.
656 3963 709 4011 The
720 3963 801 4012 Inter·
850 3969 905 4013 text
923 3965 967 4012 has
986 3965 1033 4011 τῶν
1050 3964 1214 4026 παραβάσεων
1230 3963 1310 4026 χάριν,
1331 3962 1404 4013 while

251 4052 334 4111 pretor
344 4047 433 4111 adopts
450 4046 493 4095 the
504 4045 546 4095 old
557 4045 632 4094 Italic
643 4046 748 4105 version,
764 4046 803 4094 lor
851 4044 893 4092 the
911 4043 995 4103 Latin,
1013 4060 1040 4092 aa
1058 4044 1123 4105 herc,
1141 4044 1213 4092 reads
1223 4043 1367 4107 factorum:
1387 4059 1404 4092 a

251 4126 385 4175 as-Gasna
402 4143 466 4191 says,
481 4128 524 4176 the
541 4127 645 4190 reading
660 4128 802 4189 πράξεωνὶε
850 4126 916 4175 clear
933 4126 1012 4190 proot,
1031 4142 1059 4175 as
1077 4127 1109 4175 he
1129 4143 1195 4191 says,
1219 4128 1276 4176 that
1292 4127 1319 4175 in
1336 4142 1404 4175 some

250 4209 365 4258 nowhere
383 4209 461 4258 found
479 4211 505 4258 in
524 4225 575 4273 any
597 4209 680 4258 Greclr
695 4209 752 4257 MS.
774 4225 803 4257 or
850 4207 949 4256 ancient
960 4208 1041 4271 copies
1055 4208 1163 4271 πράξεων
1179 4214 1248 4257 must
1261 4209 1326 4258 have
1342 4209 1403 4258 bean

250 4291 386 4355 authority.
420 4290 473 4339 The
490 4307 557 4340 sanic
576 4291 734 4340 observation
751 4291 803 4340 will
851 4290 957 4349 written,
971 4291 1018 4338 but
1028 4307 1093 4339 nono
1104 4290 1209 4339 omitted
1220 4292 1298 4352 χάριν.

249 4371 327 4435 apply
344 4376 372 4420 tr)
389 4371 432 4419 the
447 4373 584 4434 quotation,
608 4372 723 4436 repeated
736 4379 800 4422 atv.
900 4369 1082 4433 ’blasphemat
1100 4371 1154 4431 (ln,
1174 4372 1235 4432 Aa,
1256 4372 1345 4421 Manu.
1362 4382 1402 4430 11.,

250 4453 300 4502 xxi.
317 4468 336 4502 1.
372 4452 502 4501 Mrssorr
515 4469 579 4516 says,
598 4454 654 4503 that
673 4455 698 4502 in
713 4455 756 4503 the
774 4454 799 4503 S.
851 4452 913 4513 Ga.;
926 4453 972 4502 hut
983 4453 1070 4502 Mssa.
1083 4453 1178 4502 follows
1189 4454 1232 4502 the
1240 4453 1322 4505 Voss.
1334 4451 1402 4503 read·

250 4534 368 4584 Germain
378 4549 442 4598 copy
453 4533 482 4582 of
495 4534 537 4582 the
549 4533 583 4584 N.
596 4535 625 4583 T.
639 4535 667 4583 ot
675 4536 717 4585 the
729 4537 802 4584 ninth
851 4536 895 4599 ing
905 4536 1053 4598 stantona,
1066 4537 1099 4585 ct‘.
1112 4536 1306 4599 testamentis.
