3000 4994
429 362 529 417 nnus
555 362 977 419 mcoueunnausmrms.
1210 351 1275 415 211

550 589 650 656 one.
673 589 856 656 xxxrrr.
1116 685 1121 691 ⁶
1313 539 1416 714 llll}

128 736 446 828 Quemadmodum
463 739 723 839 investigabilis
736 755 769 816 et
782 741 1152 840 incompreheusibilis
1169 755 1279 817 osteo·
1304 688 1428 808 “lili‘ll

201 851 305 928 ditm
330 854 371 947 is,
400 855 466 955 qui
487 856 584 931 bono
609 884 688 957 qim
711 856 910 933 secuudum
933 885 997 934 nos
1030 872 1079 934 est
1113 858 1278 935 condidit

199 986 418 1049 croatorum.

129 1151 159 1213 1.
194 1148 250 1211 Ao
272 1170 350 1233 quos
367 1149 454 1234 juste
472 1149 542 1236 quis
562 1149 657 1228 dicat,
676 1150 936 1235 quemadmodum
952 1150 1019 1235 ipse
1034 1171 1136 1215 sermo
1151 1151 1279 1238 ¹sugge·

127 1251 182 1316 rit:
203 1251 364 1332 Quatenus
385 1273 480 1336 super
501 1252 605 1316 Deum
625 1253 775 1318 extollitis
797 1252 1004 1340 cogitationes
1022 1261 1152 1331 vestras,
1172 1254 1279 1320 incon·

127 1354 261 1419 siderate
276 1353 365 1419 elati?
408 1354 556 1419 Audistis
577 1376 689 1419 memor
708 1376 766 1420 osso
787 1354 871 1419 colos
888 1355 922 1418 io
937 1354 1065 1441 pomo,-
1090 1356 1183 1421 dicite
1200 1357 1276 1421 mihi
1291 1384 1420 1424 marr.

126 1478 313 1535 mensuram,
337 1466 371 1522 et
394 1466 537 1522 enarrate
558 1456 788 1522 multitudinem
811 1458 987 1523 cubitorum
1012 1458 1276 1539 innumerabilem,

126 1559 291 1645 ’exponite
320 1560 397 1631 mihi
424 1558 657 1646 plenitudinem,
683 1558 890 1637 latitudinem,
919 1568 953 1626 et
981 1560 1217 1648 longitudinem,
1243 1571 1277 1628 et

125 1660 331 1740 altitudinem,
347 1662 704 1727 circummensurationis
719 1661 842 1725 initium
852 1670 885 1726 et
895 1662 1000 1740 finem,
1016 1684 1086 1748 quae
1097 1685 1159 1727 non
1170 1664 1278 1729 ³intel·

125 1763 194 1850 ligit
209 1786 262 1828 cor
276 1764 420 1843 hominis,
433 1772 465 1828 et
480 1786 543 1829 non
556 1763 791 1849 comprehendit
804 1785 853 1830 ea.
877 1763 963 1828 Vere
978 1764 1061 1829 enim
1075 1787 1190 1853 magna
1204 1775 1279 1833 sunt

125 1866 414 1955 thesaurophylacia
430 1868 588 1934 eoelestia:
609 1867 884 1933 ⁴immensurabilis
901 1877 950 1933 est
968 1869 1000 1931 in
1018 1869 1110 1934 eorde
1129 1868 1226 1947 Deus,
1245 1878 1279 1936 et

126 1969 444 2056 incomprehensibilis
474 1970 506 2034 in
531 1970 646 2048 animo,
671 1969 724 2055 qui
749 1969 985 2056 comprehendit
1007 1977 1122 2035 terram
1150 1972 1278 2059 pugillo.

126 2073 221 2154 ‘Quis
244 2073 370 2160 respicit
384 2095 561 2138 mensuram
581 2074 699 2138 dextrae
721 2075 807 2159 ejus!
845 2073 990 2160 Digitum
1010 2075 1079 2160 quis
1097 2076 1279 2161 cognoscit!

126 2174 196 2240 Aut
206 2198 332 2239 manum
344 2177 411 2261 ejus
427 2177 496 2263 quis
510 2176 681 2263 “intelligit
692 2198 761 2241 eam
777 2198 847 2263 quae
862 2186 1021 2241 mensurat
1035 2177 1195 2255 immensa,
1208 2199 1278 2242 eam

127 2301 197 2364 quoe
212 2279 313 2343 tendit
327 2300 472 2343 mensura
485 2301 542 2343 sua
553 2299 729 2343 mensuram
744 2280 902 2355 coelorum,
915 2287 948 2343 et
962 2278 1147 2365 constringit
1162 2280 1279 2367 pugillo

125 2390 241 2446 terram
256 2403 327 2446 oum
346 2381 476 2468 abyssis,
492 2402 561 2468 quae
582 2380 614 2444 iu
628 2403 663 2446 se
681 2380 820 2446 eontinet
839 2379 1046 2459 latitudinem,
1065 2390 1098 2445 et
1111 2382 1278 2468 longitudi-

126 2506 208 2562 nem,
231 2492 264 2550 et
284 2484 468 2570 profundum
495 2484 648 2561 deorsum,
669 2491 702 2548 et
723 2482 918 2546 altitudinem
939 2505 1105 2567 supernam
1127 2485 1278 2550 universa

125 2588 322 2665 conditionis,
335 2610 405 2675 quse
419 2587 548 2664 videtur,
565 2608 635 2671 quae
649 2586 774 2651 auditur
785 2592 818 2650 et
832 2586 1024 2672 intelligitur,
1043 2595 1076 2651 et
1088 2608 1157 2672 quae
1172 2587 1278 2653 invisi·

125 2690 197 2756 bilis
215 2693 280 2756 esti
319 2691 363 2755 Et
384 2698 510 2776 propter
530 2689 589 2755 hoc
610 2710 703 2775 super
724 2711 808 2753 cmm
828 2688 980 2766 “mitium
1001 2699 1029 2753 et
1041 2698 1227 2774 potestatem,
1249 2701 1278 2757 et
1290 2719 1425 2769 aptatu.

126 2794 368 2872 dominationem,
390 2802 418 2859 et
439 2814 522 2856 omno
536 2813 641 2856 morou
660 2791 742 2878 qood
755 2790 931 2854 nominator
949 2790 1087 2854 omnium
1106 2813 1176 2875 quae
1193 2792 1278 2859 lactu

126 2895 214 2960 'sunt
228 2903 261 2961 et
279 2894 405 2960 condita
419 2903 502 2972 sunt,
518 2894 673 2959 exsistens
691 2892 790 2958 Deus.
829 2892 902 2978 lpse
916 2899 964 2957 est
980 2892 1033 2976 qui
1048 2892 1144 2958 coelos
1158 2893 1275 2979 implet,

125 3005 159 3061 et
168 2997 315 3082 perspicit
325 2999 464 3083 abyssos,
474 2997 526 3083 qui
539 3003 587 3060 est
602 2995 713 3060 ⁸etiam
727 3017 797 3060 cum
807 3017 993 3080 unoquoque
1004 3003 1162 3059 nostrum:
1181 2997 1275 3075 Deus,
1288 3025 1329 3064 rs.
1339 3024 1398 3064 ano.
1408 3025 1438 3064 aa

125 3100 208 3164 enim
233 3099 343 3186 inquit,
364 3100 615 3185 appropinquatis
638 3119 687 3183 opo
708 3119 784 3175 mm,
811 3107 841 3162 et
861 3119 921 3162 uon
944 3097 1086 3162 Decede
1107 3098 1274 3184 longinquo.

126 3205 164 3268 Si
178 3203 373 3269 absomditor
391 3204 474 3267 tomo
486 3186 528 3266 iu
544 3201 702 3280 absconsis,
721 3210 749 3265 ot
766 3223 816 3287 ooo
831 3223 896 3265 oum
916 3223 976 3265 um
993 3199 1120 3265 uidebo?
1159 3201 1277 3269 Manus

125 3308 208 3372 enim
236 3310 305 3394 ejus
332 3305 535 3391 apprehendit
564 3304 685 3370 omnia:
717 3304 841 3389 etipsa
865 3311 915 3369 est
940 3327 1009 3391 quae
1033 3304 1129 3369 coelos
1151 3305 1277 3392 quidem

125 3409 287 3487 illuminat,
302 3409 455 3473 illuminat
468 3408 564 3472 etiam
578 3428 648 3495 quae
662 3408 720 3471 sub
731 3408 811 3472 coelo
825 3416 909 3485 sunt,
924 3417 957 3473 et
971 3415 1127 3473 serutatur
1140 3430 1230 3474 renes
1244 3417 1277 3475 et

124 3512 229 3589 corda,
250 3521 282 3576 et
297 3511 330 3574 in
344 3510 504 3575 absconsis
524 3510 606 3575 inest
626 3508 707 3574 etin
721 3509 849 3574 secretis
867 3509 993 3588 nostris,
1012 3518 1046 3576 et
1060 3511 1093 3574 in
1111 3511 1276 3577 manifesto

124 3615 181 3680 ulit
195 3624 228 3680 et
243 3624 404 3681 conservat
418 3637 486 3681 nos.

191 3721 220 3781 2.
267 3718 302 3782 Si
322 3726 428 3782 autem
442 3716 665 3802 plenitudinem
683 3723 716 3781 et
736 3715 983 3802 magnitudinem
1003 3738 1114 3781 manus
1132 3717 1199 3803 ejus
1213 3739 1277 3782 non

124 3821 375 3906 ⁹oomprehendit
397 3820 501 3899 homo,
519 3820 777 3908 quemadmodum
798 3820 914 3906 poterit
936 3820 1005 3907 quis
1028 3820 1199 3907 intelligere
1220 3828 1276 3886 aut

173 3974 184 4006 ¹
201 3975 251 4024 Au.
263 3981 406 4037 cooperetur.
726 3976 801 4041 digne
818 3976 978 4039 estimamus,
1003 3977 1063 4026 dum
1080 3976 1276 4027 inestimabilem

173 4053 185 4086 ¹
200 4057 289 4104 ethere
301 4056 432 4120 expunged
447 4056 482 4121 by
493 4055 579 4105 Mass.
592 4057 613 4105 is
629 4061 676 4105 not
726 4057 840 4108 dicimus.

123 4136 201 4186 found
213 4138 238 4184 in
249 4138 292 4185 tho
304 4139 360 4198 On,
373 4138 424 4187 An.
439 4154 468 4186 or
478 4138 558 4186 Voss.
571 4138 648 4187 MSS.
775 4137 854 4188 ¹‘trra
875 4136 924 4198 out
936 4136 1071 4200 perspiciat
1090 4153 1236 4200 cumarum,
1254 4145 1276 4190 et

173 4217 184 4249 ³
200 4219 251 4267 An.
265 4218 392 4281 intelliget.
404 4256 409 4268 .
420 4255 426 4267 .
436 4218 620 4281 omnprmmda,
726 4219 813 4270 domim
827 4221 876 4282 qus
886 4220 991 4282 digitum
1001 4220 1055 4284 qur's
1066 4223 1199 4283 cognose-itt

172 4298 183 4330 ⁴
200 4299 320 4349 Frosnn.
331 4301 390 4348 cites
402 4299 481 4348 Gran.
491 4299 537 4361 Ep.
548 4311 591 4360 57:
604 4299 674 4349 Deus
775 4299 786 4333 ⁸
801 4303 853 4352 Aa.
867 4301 989 4364 intellipct.
1024 4301 1132 4362 inuium,
1145 4303 1230 4364 ἀρχήν.

122 4397 168 4429 nee
185 4380 261 4428 videri
278 4386 369 4445 potest,
387 4381 442 4428 visu
458 4380 545 4428 clarior
559 4384 609 4429 est:
627 4396 674 4430 neo
774 4381 786 4415 ¹
801 4391 864 4443 mat,
878 4384 1235 4445 Cn.,Voss.',M1mo.1.‚Aa.

122 4462 304 4525 comprehendi,
314 4467 384 4511 tactu
393 4462 537 4526 puriorest:
554 4476 600 4509 neo
610 4461 674 4510 usti·
775 4462 863 4525 ‘Arm
877 4465 924 4514 but
935 4464 989 4526 Cu,
1000 4464 1081 4516 Voss.
1094 4471 1122 4516 ot.

122 4544 193 4604 mari,
213 4560 287 4593 sensu
303 4544 382 4609 major
398 4549 447 4593 ost:
465 4548 491 4593 et
503 4542 558 4593 ideo
569 4543 605 4592 nie
616 4558 673 4592 eum
774 4542 785 4575 ⁹
801 4543 852 4594 Au.
865 4544 1050 4608 cometem
