3000 4994
233 347 276 411 88
679 364 720 416 m
748 365 908 419 onmem

71 534 178 621 nrppp.
231 515 525 600 comprehensibilis,
555 525 588 582 et
616 518 815 604 impassibilis
847 520 1012 606 passibilis,
1042 528 1076 585 et
1105 521 1247 586 Verbum
1279 520 1383 599 homo,

52 594 203 717 Gfffflllli
231 621 374 686 universa
398 621 430 685 in
454 622 657 708 semetipsum
679 624 905 708 recapitulans:
930 625 975 689 nti
997 626 1080 690 sicut
1103 625 1135 689 in
1156 625 1383 711 eupercoelesti·

68 722 210 803 ,ξι-[-
229 723 289 787 bus
318 732 351 788 et
376 723 567 810 spiritalibus
599 733 632 789 et
658 725 863 792 invisibilibus
892 727 1034 813 princeps
1057 736 1107 793 est
1132 727 1273 792 Verbum
1299 727 1381 801 Dei;

229 826 275 891 sic
290 833 323 891 et
337 826 371 890 in
385 826 567 905 visibilibus,
583 837 616 893 et
633 828 844 914 corporalibus
862 830 1068 915 principatum
1083 831 1206 909 habeat,
1223 831 1256 894 in
1269 839 1383 896 semet·

229 928 332 1014 ipsum
354 929 522 1015 primatum
543 953 716 1011 assumens,
731 940 764 997 et
777 953 936 1019 apponens
950 935 1151 1019 semetipsum
1164 942 1258 1020 caput
1274 933 1383 999 Eccle-

228 1031 294 1109 siae,
310 1031 453 1097 universa
467 1034 606 1099 attrahat
620 1034 660 1099 ad
674 1036 878 1121 semetipsum
891 1044 966 1121 apto
981 1036 1013 1099 in
1028 1044 1177 1121 tempore.

294 1138 324 1204 7.
378 1135 466 1200 Nihil
490 1137 574 1202 enim
605 1139 777 1203 incomtum
797 1148 892 1225 atque
914 1139 1165 1225 intempestivum
1190 1139 1273 1224 apud
1298 1161 1381 1217 eum,

229 1239 382 1323 quomodo
405 1262 462 1306 nec
484 1242 691 1328 incongruens
713 1253 762 1307 est
783 1243 866 1328 apud
896 1242 1035 1308 Patrem.
1080 1242 1280 1329 Praecognita
1308 1250 1382 1307 sunt

228 1340 311 1404 enim
338 1341 421 1407 ¹heec
451 1343 555 1407 omnia
580 1365 601 1407 a
630 1345 736 1422 Patre,
763 1343 966 1428 perficiuntur
993 1351 1101 1407 autem
1125 1365 1146 1407 a
1176 1343 1270 1421 Filio,
1299 1343 1383 1409 sicut
1462 1417 1464 1421 ¹

228 1466 398 1531 congmnm
413 1455 445 1513 et
465 1469 658 1534 consequens
679 1455 737 1525 est,
753 1456 828 1533 apto
847 1456 996 1533 tempore.
1041 1447 1175 1533 Propter
1192 1448 1252 1513 boc
1272 1470 1382 1533 prope-

228 1559 318 1614 rante
340 1549 444 1615 Maria
464 1551 506 1615 ad
524 1550 705 1615 admirabile
721 1550 783 1613 vini
804 1549 940 1637 signum,
959 1557 992 1614 et
1013 1557 1088 1614 ante
1112 1558 1236 1636 tempus
1259 1550 1381 1616 volente

227 1652 413 1738 participare
435 1653 626 1738 ²compcndii
641 1652 762 1739 poculo,
779 1652 934 1717 Dominus
949 1653 1099 1737 repellens
1113 1655 1182 1739 ejus
1195 1653 1380 1740 ³intempes-

226 1754 324 1818 tivam
338 1755 580 1832 festinationem,
596 1755 695 1821 dixit:
723 1755 807 1835 Quid
824 1754 901 1819 iiiiii
921 1765 949 1820 et
963 1754 1020 1820 tibi
1034 1766 1075 1820 eat
1089 1756 1224 1820 molier?
1247 1757 1381 1821 modam

226 1859 309 1921 omit
322 1857 397 1922 liora
413 1880 503 1932 mar,-
527 1868 714 1944 exspectans
731 1880 801 1923 eam
822 1858 932 1923 horam
946 1880 1016 1944 quae
1031 1868 1079 1923 est
1094 1882 1114 1924 a
1130 1859 1227 1924 Patre
1242 1881 1381 1946 praecog-

227 1958 305 2024 nita.
353 1961 488 2046 Propter
501 1961 561 2026 hoc
576 1984 647 2027 cum
662 1983 747 2048 saepe
762 1962 874 2027 vellent
889 1984 960 2028 eum
976 1962 1119 2027 homines
1140 1963 1380 2049 apprehendere,

226 2062 337 2142 Nemo,
351 2064 462 2151 inquit,
479 2065 606 2131 immisit
623 2087 733 2130 mamm
752 2067 803 2130 ei:
827 2065 961 2130 mam
982 2066 1064 2129 enim
1086 2075 1208 2130 oooerot
1229 2066 1304 2131 horo
1326 2088 1380 2152 ap-

226 2166 451 2250 prehensionis,
482 2189 540 2233 nec
566 2176 690 2254 tempus
719 2168 883 2252 passionis,
913 2168 996 2255 quod
1024 2169 1250 2255 praecognitum
1280 2169 1379 2233 luerat

224 2291 245 2334 a
272 2270 379 2349 Patre,
406 2272 668 2358 quemadmodum
694 2280 727 2337 et
755 2273 887 2338 Abacuc
913 2273 1066 2357 propheta
1092 2273 1154 2337 ait:
1179 2275 1222 2337 Io
1250 2296 1282 2338 oo
1313 2295 1380 2337 esim

226 2459 398 2523 Polycarpum,
418 2477 437 2510 c.
452 2477 474 2523 3,
494 2461 584 2522 scribit,
602 2463 645 2510 τὸν
667 2462 775 2524 ἀόρατον,
876 2461 1103 2527 ⁸intempestivam
1111 2462 1302 2512 festinationem.
1329 2462 1379 2511 Ios·

225 2543 267 2591 τὸν
285 2543 310 2591 δὲ
323 2542 352 2590 δι’
364 2542 426 2602 ἡμᾶς
443 2543 536 2605 ὁρατόν·
554 2545 596 2592 τὸν
615 2543 779 2607 ἀψηλάφητον
824 2544 993 2607 perfectiorum
1023 2544 1103 2608 iraque
1134 2544 1247 2593 lr-omcaoe
1273 2552 1376 2604 oreore,

226 2622 319 2687 (supple
330 2640 358 2673 m
368 2624 510 2687 interpolato
520 2625 657 2688 memphis-i,
672 2624 703 2674 δι’
716 2625 778 2684 ἡμᾶς
825 2634 976 2689 peccatorum
986 2626 1118 2676 ceo-iulium
1125 2634 1232 2686 matrem,
1241 2625 1269 2674 in
1280 2626 1308 2676 B.
1324 2626 1378 2675 Vir·

227 2707 253 2753 δὲ
276 2706 441 2768 ψηλαφητόν)
465 2707 507 2755 τὸν
530 2707 620 2765 ἀπαθῆ,
643 2708 685 2755 τὸν
703 2708 729 2755 δὲ
747 2706 777 2755 δι’
824 2708 882 2770 piae
902 2708 990 2756 Morio
1008 2708 1106 2769 optavit
1131 2707 1247 2767 Iremrua,
1267 2708 1380 2770 alioquin

226 2788 415 2848 indevotiores.
447 2788 537 2851 Confer
547 2787 595 2850 inf.
605 2804 633 2850 p.
648 2803 703 2850 34¹·
725 2788 775 2836 Gn.
826 2805 934 2852 compro
945 2789 1028 2839 merito
1036 2789 1150 2838 laudons.
1175 2789 1292 2837 &aediles
1302 2789 1377 2852 Chry·

274 2869 358 2919 ¹ho’c.
394 2870 455 2918 This
479 2871 548 2917 word
571 2871 591 2919 ia
617 2870 720 2920 omitted
744 2870 777 2935 by
825 2879 946 2934 cosumus,
960 2871 1153 2935 Tmcptylacim,
1168 2870 1318 2932 Euthymios,
1332 2871 1379 2921 diu

226 2952 336 3013 Onnes,
351 2953 468 3011 Asuso,
482 2951 562 3000 Voss,
577 2951 626 3000 and
645 2952 733 3000 Meso.
746 2965 774 3012 1.,
823 2961 879 3016 post
889 2954 1017 3014 lrenoeom,
1029 2954 1377 3017 imempestimaaffectussom·

225 3034 275 3082 and
292 3034 413 3082 therefore
431 3034 482 3082 also
498 3035 532 3098 by
549 3034 686 3084 Messena.
722 3053 777 3098 spo
827 3041 856 3082 ia
872 3034 1377 3098 Virpiniodretmcmrm‚mipa1?mm.

226 3117 364 3177 σγνωσμένα
382 3117 432 3177 γὰρ
448 3117 480 3164 τὰ
497 3116 584 3176 πάντα,
604 3116 710 3180 perhaps
727 3117 777 3165 had
827 3116 862 3164 ud
872 3117 1020 3167 bacchicam
1027 3126 1142 3173 naamam·
1152 3117 1258 3167 redime
1266 3117 1379 3180 opinioni

225 3198 286 3246 been
309 3197 402 3246 altered
418 3197 528 3260 through
546 3198 705 3247 carelessness
723 3200 777 3248 into
826 3199 1379 3262 inmemoremtamaospnodileimmmoe

226 3280 381 3338 rdde1.,in
394 3278 475 3327 which
492 3295 548 3328 case
561 3281 604 3329 the
617 3281 686 3329 word
701 3280 777 3330 forms
820 3279 921 3342 frustra
933 3281 1040 3343 opponit.
1068 3282 1156 3330 Astill
1167 3298 1233 3330 more
1244 3287 1328 3330 recent
1338 3281 1378 3329 de·

225 3365 282 3424 part
293 3360 322 3408 of
329 3360 371 3408 the
383 3360 538 3410 translation.
827 3378 881 3411 crae
898 3362 949 3411 also
967 3363 996 3410 oi
1007 3364 1050 3412 thc
1062 3362 1162 3412 Churoh
1176 3363 1205 3411 of
1218 3363 1297 3411 Romo
1315 3364 1335 3410 is
1352 3363 1379 3411 in

273 3439 438 3504 ’corapmdii
460 3441 583 3503 poculum.
624 3441 670 3491 See
687 3459 712 3507 p.
735 3456 775 3504 43,
827 3445 905 3493 direct
921 3445 1153 3508 oppositiontothe
1168 3444 1324 3508 teschingoi
1336 3444 1380 3492 the

225 3539 250 3571 n.
264 3522 295 3572 6:
323 3522 778 3588 Compmdioliter...excpac...foc-
826 3532 898 3590 great
917 3527 981 3590 light
992 3527 1021 3574 of
1035 3526 1077 3575 the
1088 3526 1204 3574 Western
1223 3526 1330 3585 Charch,
1351 3525 1377 3575 S.

224 3613 276 3653 tum
293 3612 324 3654 cat
342 3604 434 3654 cirrum.
463 3606 543 3654 There
561 3606 604 3655 the
621 3608 740 3671 meaning
756 3609 777 3657 is
827 3610 975 3669 Auecsmn,
989 3609 1049 3657 with
1060 3609 1142 3657 whom
1159 3624 1226 3672 upon
1244 3609 1294 3656 this
1309 3608 1380 3671 point

224 3704 292 3737 more
304 3688 380 3747 clear;
397 3688 453 3736 that
464 3688 507 3736 the
518 3688 589 3748 wine,
601 3688 713 3748 aeciam,
722 3690 778 3739 first
829 3689 1052 3739 S.B1snsasnalso
1061 3689 1185 3752 isagreed.
1215 3688 1257 3737 He
1265 3704 1336 3752 says:
1349 3688 1381 3736 Et

224 3770 306 3819 tested
316 3770 404 3834 bytho
415 3774 500 3833 guests
511 3785 562 3818 was
573 3771 646 3833 good,
661 3771 708 3819 but
720 3772 777 3820 that
827 3768 885 3819 hinc
898 3777 999 3832 apparet
1014 3770 1085 3817 illam
1101 3768 1323 3830 concupiscentiam,
1334 3784 1381 3830 per

223 3854 266 3902 the
277 3853 348 3912 wine,
362 3851 777 3915 coropmdialitmcpaosactam
827 3867 900 3915 quiam
918 3852 1031 3902 Christus
1046 3849 1238 3913 recepeperis,
1251 3848 1339 3911 fecisse
1351 3849 1380 3897 in

223 3934 279 3993 (ie.
299 3936 334 3999 by
351 3935 393 3983 the
418 3935 560 3983 immediate
577 3939 619 3983 act
636 3935 665 3983 ol
685 3935 777 3983 Divina
824 3948 908 3996 perere
925 3932 1031 3980 humano
1046 3932 1207 3994 propopinem
1224 3930 1301 3986 moli;
1320 3930 1380 3993 quio

223 4016 318 4075 Power,
328 4032 356 4064 as
365 4015 496 4080 compared
508 4015 568 4063 with
574 4016 617 4064 the
628 4015 716 4064 slower
722 4031 777 4079 pro·
826 4012 920 4062 Maria
937 4028 1024 4075 corpus
1038 4012 1147 4075 mmmiis
1162 4011 1221 4060 inde
1235 4011 1330 4071 tenerit,
1346 4018 1380 4059 tc·

222 4113 275 4146 cess
294 4097 323 4145 os
335 4098 441 4159 nature),
464 4113 515 4145 was
534 4096 632 4156 better;
656 4098 777 4156 συντόμως
826 4109 944 4143 mensam
954 4110 1003 4142 ooo
1014 4093 1106 4156 trajecit
1116 4093 1144 4142 io
1155 4109 1248 4156 comm,
1260 4092 1379 4155 quodam

221 4194 300 4226 seems
311 4184 337 4226 to
349 4179 412 4227 hare
427 4179 489 4226 been
504 4177 548 4227 the
558 4176 627 4225 word
634 4193 640 4236 ;
656 4192 684 4224 as
695 4181 722 4225 at
733 4189 774 4241 95,
825 4175 885 4225 inde
895 4176 1007 4238 emrcepit.
1020 4191 1040 4224 o.
1053 4176 1107 4225 Jol.
1120 4175 1205 4237 Pdap.
1217 4187 1242 4224 ν.
1252 4187 1292 4235 5²·
1318 4173 1378 4221 And

221 4274 247 4308 n.
257 4278 280 4319 4.
316 4260 392 4320 Here,
408 4261 641 4320 ἀνακεφαλαιώσεως
653 4259 674 4307 is
685 4259 775 4322 prefer·
825 4258 912 4322 again:
930 4257 1018 4306 Maria
1029 4256 1124 4320 pucilam
1135 4264 1211 4305 mater
1221 4257 1277 4319 ejus,
1290 4256 1320 4304 sle
1329 4272 1379 4318 pua

221 4340 284 4389 able.
321 4340 374 4389 The
391 4357 446 4405 cup,
471 4342 528 4391 that
550 4340 717 4404 recapitulata
732 4341 775 4389 the
825 4354 923 4389 comem
939 4339 1030 4398 eume,
1050 4338 1081 4388 de
1099 4339 1196 4388 carnali
1212 4338 1378 4400 concupiscere·

221 4420 341 4483 mffering
356 4422 385 4469 os
402 4421 493 4482 Christ,
515 4439 565 4471 wass
579 4422 722 4487 manifeatly
738 4422 775 4470 ia·
825 4420 862 4469 tic
876 4427 1085 4483 paronomasia
1101 4427 1141 4469 cet.
1173 4420 1218 4482 Op.
1238 4418 1340 4481 Impers.
1356 4435 1377 4469 c.

220 4501 382 4564 impatimur
399 4502 482 4550 before
501 4504 544 4553 the
562 4503 665 4552 Passion
683 4503 712 4552 oi
728 4520 775 4554 our
824 4502 928 4553 Imm.
943 4516 981 4550 aa.
1016 4501 1219 4551 TheOhurclrol
1231 4501 1379 4551 Romanos

222 4582 298 4633 Lord.
824 4586 964 4635 danounees
974 4584 1036 4633 such
1046 4583 1165 4633 doctrine.
