3000 4994
281 323 348 394 270
650 339 776 394 ouum
802 340 1067 394 unuovuunuu

137 515 191 602 app.
201 515 242 601 pv.
279 494 363 558 enim
384 493 485 579 ipsum
508 493 746 579 praedicabatur‚
770 493 917 578 quonism
936 493 1059 559 novitas
1078 493 1181 558 veniet
1200 493 1384 558 innovatum
1402 502 1436 558 et

142 609 234 695 effi!
279 594 469 660 vivificetura
491 596 659 661 hominem.
704 595 803 682 Regis
824 596 908 660 enim
928 598 1081 661 adventus
1102 598 1142 660 ab
1164 596 1214 661 his
1235 596 1360 680 quidem
1382 595 1436 681 qui

128 701 254 788 {fficll
280 697 448 763 mittuntur
461 699 558 763 servis
573 698 809 782 praenuntiatur,
825 707 951 784 propter
964 706 1147 785 apparatum
1160 708 1192 764 et
1207 699 1436 784 expeditionem

115 826 265 837 --
279 821 386 865 eorum
402 800 454 886 qui
468 800 640 887 inciperent
654 801 811 886 suscipere
825 822 917 865 suum
929 801 1111 867 Dominum.
1141 802 1220 868 (lum
1235 811 1340 866 sutem
1352 802 1437 865 venit

280 903 360 982 Rex,
383 912 416 969 et
437 904 480 967 illi
500 904 708 990 praenuntiato
722 904 837 991 gaudio
858 904 1018 990 adimpleti
1036 914 1109 969 sunt
1124 904 1178 991 qui
1197 912 1271 968 sunt
1291 904 1436 991 subjecti,

279 1015 311 1071 et
325 1015 528 1092 perceperunt
543 1029 613 1071 eam
628 1028 697 1092 quoe
713 1015 761 1071 est
780 1009 873 1071 abeo
888 1007 1073 1085 libertatem,
1095 1017 1128 1072 et
1143 1007 1329 1092 participant
1344 1007 1435 1071 visio-

278 1130 351 1173 nem
366 1110 445 1194 ejus,
455 1118 487 1174 et
501 1110 667 1174 audierunt
681 1131 841 1174 sermones
855 1111 933 1196 ejus,
949 1118 982 1175 et
997 1110 1098 1175 ¹lruiti
1114 1119 1187 1175 sunt
1202 1111 1381 1175 muneribus
1394 1112 1436 1175 ab

278 1232 327 1289 eo,
349 1233 413 1276 non
430 1214 496 1299 jam
522 1212 705 1297 requiretur,
728 1211 951 1298 ²quidnovius
972 1213 1078 1279 attulit
1100 1213 1171 1278 Rex
1192 1235 1285 1299 super
1306 1235 1361 1278 eos
1383 1211 1437 1299 qui

278 1314 541 1396 annuntiaverunt
565 1315 733 1380 adventum
758 1315 835 1400 ejus,
865 1314 949 1399 apud
978 1336 1032 1380 eos
1058 1315 1199 1386 videlicet
1228 1315 1281 1401 qui
1310 1337 1437 1379 sensum

278 1415 406 1482 habent.
451 1416 660 1503 Semetipsum
675 1417 759 1482 enim
772 1416 888 1494 attulit,
906 1425 940 1482 et
954 1439 992 1482 ea
1007 1439 1077 1502 quse
1092 1417 1241 1503 praedicta
1255 1426 1329 1482 sunt
1344 1419 1437 1496 bona,

118 1536 179 1577 net
189 1537 203 1576 ι.
214 1537 241 1574 ¹2·
278 1516 311 1583 in
326 1542 396 1604 quae
412 1520 674 1606 concupiscebant
685 1518 787 1606 angeli
802 1519 973 1598 intendere,
985 1519 1112 1584 donavit
1123 1520 1311 1585 hominibus.
1346 1520 1437 1585 Tunc

198 1634 200 1638 ’
277 1631 384 1687 sutem
407 1622 540 1688 luissent
562 1621 642 1686 servi
664 1620 840 1698 mendaces,
865 1629 897 1685 et
919 1642 983 1685 non
1004 1643 1024 1686 a
1045 1621 1181 1686 Domino
1203 1621 1300 1699 missi,
1324 1621 1437 1686 sinon

280 1724 423 1791 Christus
436 1725 603 1789 adveniens
614 1723 696 1801 talis,
712 1723 811 1809 qualis
823 1732 855 1789 et
867 1724 1102 1809 praedicsbatur,
1118 1723 1318 1810 adimplesset
1329 1745 1437 1789 eorum

114 1845 243 1930 ppasrn
278 1838 448 1893 sermones.
492 1827 688 1912 Quapropter
707 1825 847 1891 dicebat:
871 1827 924 1891 Ne
936 1828 1063 1913 patetis,
1084 1828 1226 1913 quoniam
1245 1828 1314 1890 oeni
1332 1826 1437 1890 dirsol

278 1952 347 1995 cere
372 1930 484 2016 chrm
511 1938 567 1995 aut
586 1929 771 2015 prophetas:
803 1951 862 1994 nou
888 1930 957 1993 ocu-i
981 1928 1152 2007 deuoluere,
1177 1930 1233 1994 sed
1255 1929 1437 2014 adimplere.

277 2034 379 2096 Amen
393 2033 473 2098 enim
487 2030 555 2096 dico
570 2030 658 2109 volu,
674 2031 765 2096 mooe
771 2042 973 2117 pertranseat
987 2033 1093 2096 culum
1108 2043 1136 2097 et
1150 2043 1245 2111 terra,
1263 2032 1327 2095 iota
1342 2053 1437 2094 urium

277 2146 333 2201 aut
351 2159 430 2202 unus
443 2157 522 2222 apere
535 2158 595 2200 nou
610 2136 738 2201 troruiot
752 2157 773 2200 a
787 2135 868 2221 hepo
883 2139 930 2200 θεέ
942 2137 1107 2222 prophetis,
1129 2136 1321 2223 quoadusque
1334 2136 1436 2198 omerio

267 2240 363 2321 fiant.
408 2238 524 2303 Omnis
545 2237 630 2302 enim
652 2237 719 2324 ipse
737 2236 917 2323 adimplevit
939 2238 1075 2316 veniens,
1098 2246 1131 2304 et
1151 2237 1254 2303 adhuc
1276 2237 1384 2322 implet
1402 2237 1436 2301 in

277 2339 421 2406 Ecclesia
445 2340 607 2425 usquead
631 2340 930 2406 consummationem
953 2361 973 2404 s
998 2339 1084 2427 Lege
1109 2339 1294 2425 praedictum
1320 2360 1435 2403 novum

277 2444 526 2511 Testamentum.
572 2444 842 2526 Quemadmodum
863 2451 896 2508 et
918 2442 1036 2507 Paulus
1058 2442 1231 2529 Apostolus
1252 2443 1321 2526 ejus
1338 2441 1385 2505 sit
1403 2441 1436 2506 in

111 2569 174 2610 som.
183 2569 212 2609 ui
221 2571 251 2610 er.
276 2567 314 2613 es
328 2569 398 2634 quae
416 2547 520 2612 estad
535 2546 713 2612 Romanos:
737 2552 829 2612 Nune
842 2556 943 2611 autem
957 2547 1023 2610 sine
1034 2545 1114 2630 Lege
1120 2545 1247 2629 justus
1258 2544 1322 2608 Dei
1336 2544 1435 2608 ruani-

111 2650 388 2752 ffl·pg‚usmmto
416 2658 467 2727 est,
489 2650 648 2731 testificato
669 2670 690 2713 a
714 2649 794 2734 Lapa
816 2656 845 2713 et
863 2647 1040 2734 prophetis:
1071 2647 1180 2711 Justus
1204 2645 1285 2709 cuim
1307 2667 1344 2708 ee
1368 2645 1436 2726 fido

191 2740 195 2751 ¹
276 2754 384 2818 ‘riost
430 2751 504 2816 Hoc
519 2760 635 2831 sutem,
651 2751 797 2836 quoniam
813 2752 919 2838 justus
939 2773 979 2816 ex
1000 2749 1061 2815 lide
1081 2749 1173 2826 vivet,
1189 2771 1245 2835 per
1264 2749 1434 2834 prophetas

275 2855 459 2940 praedictum
473 2855 584 2919 fuerat.

341 2960 373 3022 2.
411 2956 507 3022 Unde
521 2965 627 3021 sutem
642 2964 786 3043 poterant
800 2959 969 3044 praedicere
984 2957 1144 3044 prophetae
1158 2957 1242 3045 regis
1253 2956 1433 3035 adventum,

275 3065 308 3123 et
327 3079 397 3122 eam
417 3058 593 3123 libertatem
611 3081 682 3144 quae
701 3061 742 3125 ab
762 3081 800 3124 eo
821 3060 953 3124 dabatur
973 3059 1257 3146 praeevaugelisare,
1281 3065 1314 3123 et
1328 3060 1434 3123 omnis

275 3181 345 3243 quae
360 3181 380 3224 a
395 3159 519 3226 Christo
534 3161 715 3242 factasunt,
732 3170 765 3227 et
778 3168 971 3226 ⁶sermonem
989 3170 1022 3226 et
1043 3161 1253 3247 operationem
1268 3168 1301 3224 et
1316 3160 1434 3245 passio-

275 3284 346 3327 nem
366 3263 434 3347 ejus
455 3267 675 3347 praenuntisre,
697 3273 730 3330 et
752 3287 866 3330 novum
885 3264 1121 3330 Testamentum
1143 3262 1320 3349 praedicere,
1343 3262 1369 3326 si
1392 3265 1434 3328 ab

274 3363 372 3427 altero
392 3363 462 3427 Deo
482 3365 694 3450 propheticam
714 3365 947 3453 inspirationem
968 3372 1164 3450 acceperunt,
1187 3364 1367 3451 ignorantes
1387 3364 1433 3427 in-

274 3465 479 3530 enarrabilem
502 3467 631 3533 Patrem
652 3471 823 3535 secundum
845 3490 909 3546 vos,
933 3476 965 3533 et
986 3488 1118 3554 reguum
1140 3468 1218 3552 ejus,
1246 3473 1279 3530 et
1303 3466 1433 3550 disposi-

274 3567 376 3632 tiones
390 3568 468 3652 ejus,
484 3590 563 3654 ques
577 3569 677 3636 Filius
693 3571 754 3636 Dei
775 3572 825 3635 ⁶iu
839 3569 1006 3635 novissimo
1021 3568 1140 3633 dierum
1154 3566 1281 3631 veniens
1295 3566 1328 3629 in
1340 3568 1435 3632 terris

275 3669 425 3757 implevit.
471 3671 582 3758 Neque
593 3674 677 3738 enim
692 3696 767 3739 casu
782 3673 917 3759 quodam
928 3672 997 3736 haec
1011 3671 1151 3735 evenisse
1171 3668 1303 3754 potestis
1319 3668 1432 3747 dicere,

324 3826 333 3858 ¹
351 3828 404 3876 Aa.
412 3826 524 3889 fruituri
534 3835 598 3878 rorat.
879 3828 994 3878 ludenda
1006 3828 1127 3889 videntur,
1145 3826 1186 3876 cut
1204 3825 1348 3875 ocoououem
1366 3825 1434 3874 dedit

325 3906 337 3938 ⁹
352 3909 413 3970 quid
421 3910 513 3970 noeirs,
525 3911 613 3960 Manu.
623 3925 651 3960 11.
658 3928 665 3971 ;
676 3912 707 3962 cf.
720 3931 744 3960 τι
756 3912 830 3961 rant
876 3910 1014 3973 procedere
1024 3926 1121 3959 rerum:
1139 3909 1199 3957 Non
1210 3911 1267 3956 veni
1280 3907 1375 3955 solvere
1387 3907 1433 3955 Le·

274 4006 349 4050 τερον,
363 3990 426 4038 Acts
435 3991 494 4039 xvii.
509 4006 548 4039 αι.
573 3991 694 4055 Gnqur'd
704 3991 829 4054 novi,and
878 4007 936 4055 gem
948 3997 974 4040 et
986 3992 1125 4055 Prophetes
1137 3992 1179 4041 hc.
1207 3990 1256 4040 Gn.

275 4069 362 4119 Mnus.
387 4087 469 4131 nmen,
491 4073 573 4122 which
592 4073 651 4123 does
668 4080 713 4123 not
730 4075 825 4139 estisfy,
925 4072 1009 4133 ⁴012„
1024 4074 1070 4122 but
1081 4074 1142 4133 AB„
1156 4071 1232 4130 Vun,
1246 4070 1327 4121 Voss.
1337 4069 1405 4120 merl.

274 4147 371 4210 though
395 4149 474 4197 found
497 4150 523 4198 in
545 4150 588 4198 the
612 4150 667 4209 Cu„
692 4152 753 4212 An„
778 4151 829 4199 and
928 4152 1008 4205 *An
1022 4152 1312 4215 srrmmrcetoperatione.

274 4226 355 4276 Voss.
381 4229 459 4278 MSS.
506 4230 642 4296 Evidently
663 4232 749 4281 novius
769 4248 828 4297 may
926 4236 938 4269 θ
958 4236 985 4285 iu
1006 4235 1134 4285 nomenato
1155 4235 1259 4293 dierum,
1278 4234 1387 4281 inserted
1406 4235 1433 4281 in

273 4308 338 4357 hove
354 4311 442 4373 passed
454 4312 508 4361 into
519 4312 599 4361 either
609 4313 666 4361 ucri
677 4330 705 4362 or
714 4330 798 4363 nemu.
876 4315 920 4364 the
930 4317 981 4364 Aa.
994 4314 1061 4374 MS,
1076 4313 1156 4362 where
1170 4313 1213 4360 the
1227 4311 1276 4358 last
1291 4316 1342 4357 two
1357 4311 1432 4373 sylle-

322 4387 333 4418 ⁸
351 4389 386 4437 Et
400 4390 542 4455 Prophetis.
576 4393 625 4442 Hoe
637 4394 694 4442 dua
706 4410 770 4444 voces
786 4395 828 4443 uix
877 4396 928 4445 bles
948 4395 1042 4459 having
1055 4396 1117 4443 been
1136 4392 1195 4440 read
1212 4407 1239 4439 as
1257 4389 1322 4438 mim
1339 4391 1432 4439 caused

273 4469 363 4517 innuo
377 4471 420 4520 Or.
432 4473 475 4521 Er.
491 4474 561 4535 θοὰ,
572 4478 654 4525 necis
667 4477 727 4536 ullo,
738 4485 828 4540 proter
876 4478 919 4526 the
936 4478 985 4527 loss
1005 4477 1033 4526 of
1049 4476 1092 4525 tho
1111 4475 1149 4523 six
1171 4472 1260 4531 words,
1279 4472 1428 4522 veniens...

272 4552 374 4600 Arum.
387 4567 445 4603 rere.
459 4553 577 4617 kpumur.
606 4556 766 4619 Glossiqr‘tur
776 4559 826 4608 loeo
874 4559 947 4608 enim.
