<?xml version="1.0" encoding="UTF-8"?>
<!DOCTYPE html PUBLIC "-//W3C//DTD XHTML 1.0 Transitional//EN"
    "http://www.w3.org/TR/xhtml1/DTD/xhtml1-transitional.dtd">
<html xmlns="http://www.w3.org/1999/xhtml" xml:lang="en" lang="en">
 <head>
  <title>
</title>
<meta http-equiv="Content-Type" content="text/html;charset=utf-8" />
  <meta name='ocr-system' content='tesseract 3.04.00' />
  <meta name='ocr-capabilities' content='ocr_page ocr_carea ocr_par ocr_line ocrx_word'/>
</head>
<body>
  <div class='ocr_page' id='page_1' title='image "./sanctiirenaeiep00harvgoog_0077.png"; bbox 0 0 3000 4994; ppageno 0'>
   <div class='ocr_carea' id='block_1_1' title="bbox 237 337 989 401">
    <p class='ocr_par' dir='ltr' id='par_1_1' title="bbox 237 337 989 401">
     <span class='ocr_line' id='line_1_1' title="bbox 237 337 989 401; baseline -0.009 -2"><span class='ocrx_word' id='word_1_1' title='bbox 237 337 280 401; x_wconf 85' lang='grc'><strong>66</strong></span> <span class='ocrx_word' id='word_1_2' title='bbox 620 343 703 397; x_wconf 81' lang='lat' dir='ltr'><strong>UNA</strong></span> <span class='ocrx_word' id='word_1_3' title='bbox 725 343 773 396; x_wconf 77' lang='lat' dir='ltr'><strong>Er</strong></span> <span class='ocrx_word' id='word_1_4' title='bbox 798 339 989 395; x_wconf 70' lang='lat' dir='ltr'><strong>constans</strong></span> 
     </span>
    </p>
   </div>
   <div class='ocr_carea' id='block_1_2' title="bbox 76 504 1492 4108">
    <p class='ocr_par' dir='ltr' id='par_1_2' title="bbox 76 504 1492 4108">
     <span class='ocr_line' id='line_1_2' title="bbox 90 504 1391 612; baseline -0.01 -31"><span class='ocrx_word' id='word_1_5' title='bbox 90 526 145 612; x_wconf 53' lang='lat' dir='ltr'><strong>hg}</strong></span> <span class='ocrx_word' id='word_1_6' title='bbox 157 522 200 611; x_wconf 51' lang='lat' dir='ltr'><strong>gb</strong></span> <span class='ocrx_word' id='word_1_7' title='bbox 232 516 332 603; x_wconf 77' lang='lat' dir='ltr'><strong>pedis,</strong></span> <span class='ocrx_word' id='word_1_8' title='bbox 347 513 551 600; x_wconf 79' lang='lat' dir='ltr'><strong>sodpromisit</strong></span> <span class='ocrx_word' id='word_1_9' title='bbox 563 513 641 577; x_wconf 79' lang='lat' dir='ltr'><strong>doro</strong></span> <span class='ocrx_word' id='word_1_10' title='bbox 655 511 697 575; x_wconf 81' lang='lat' dir='ltr'><strong>&#39;oi</strong></span> <span class='ocrx_word' id='word_1_11' title='bbox 711 512 745 575; x_wconf 88' lang='lat' dir='ltr'><strong>in</strong></span> <span class='ocrx_word' id='word_1_12' title='bbox 758 510 966 598; x_wconf 73' lang='lat' dir='ltr'><strong>posseaiormm</strong></span> <span class='ocrx_word' id='word_1_13' title='bbox 981 529 1057 586; x_wconf 85' lang='lat' dir='ltr'><strong>com,</strong></span> <span class='ocrx_word' id='word_1_14' title='bbox 1072 516 1101 573; x_wconf 87' lang='lat' dir='ltr'><strong>ot</strong></span> <span class='ocrx_word' id='word_1_15' title='bbox 1119 505 1227 572; x_wconf 78' lang='lat' dir='ltr'><strong>semini</strong></span> <span class='ocrx_word' id='word_1_16' title='bbox 1246 504 1309 589; x_wconf 81' lang='lat' dir='ltr'><strong>ojus</strong></span> <span class='ocrx_word' id='word_1_17' title='bbox 1321 509 1391 589; x_wconf 81' lang='lat' dir='ltr'><strong>post</strong></span> 
     </span>
     <span class='ocr_line' id='line_1_3' title="bbox 76 605 1392 707; baseline -0.01 -23"><span class='ocrx_word' id='word_1_18' title='bbox 76 618 217 707; x_wconf 52' lang='lat' dir='ltr'><strong>ffiffigssfil·</strong></span> <span class='ocrx_word' id='word_1_19' title='bbox 241 642 317 684; x_wconf 78' lang='lat' dir='ltr'><strong>com.</strong></span> <span class='ocrx_word' id='word_1_20' title='bbox 367 619 494 682; x_wconf 77' lang='lat' dir='ltr'><strong>boeotus</strong></span> <span class='ocrx_word' id='word_1_21' title='bbox 507 625 548 681; x_wconf 83' lang='lat' dir='ltr'><strong>cst</strong></span> <span class='ocrx_word' id='word_1_22' title='bbox 561 626 662 681; x_wconf 80' lang='lat' dir='ltr'><strong>outoni</strong></span> <span class='ocrx_word' id='word_1_23' title='bbox 678 615 721 678; x_wconf 86' lang='lat' dir='ltr'><strong>sic</strong></span> <span class='ocrx_word' id='word_1_24' title='bbox 736 615 820 678; x_wconf 81' lang='lat' dir='ltr'><strong>Deos</strong></span> <span class='ocrx_word' id='word_1_25' title='bbox 841 613 886 676; x_wconf 84' lang='lat' dir='ltr'><strong>ad</strong></span> <span class='ocrx_word' id='word_1_26' title='bbox 898 635 975 691; x_wconf 78' lang='lat' dir='ltr'><strong>cnoro,</strong></span> <span class='ocrx_word' id='word_1_27' title='bbox 991 612 1131 699; x_wconf 76' lang='lat' dir='ltr'><strong>qroooiom</strong></span> <span class='ocrx_word' id='word_1_28' title='bbox 1146 611 1205 674; x_wconf 85' lang='lat' dir='ltr'><strong>crit</strong></span> <span class='ocrx_word' id='word_1_29' title='bbox 1217 629 1313 673; x_wconf 82' lang='lat' dir='ltr'><strong>senoco</strong></span> <span class='ocrx_word' id='word_1_30' title='bbox 1328 605 1392 689; x_wconf 76' lang='lat' dir='ltr'><strong>ejus</strong></span> 
     </span>
     <span class='ocr_line' id='line_1_4' title="bbox 80 709 1487 809; baseline -0.01 -23"><span class='ocrx_word' id='word_1_31' title='bbox 80 710 226 795; x_wconf 50' lang='grc' dir='ltr'><strong>Η,</strong></span> <span class='ocrx_word' id='word_1_32' title='bbox 233 721 438 809; x_wconf 76' lang='lat' dir='ltr'><strong>poropriomns</strong></span> <span class='ocrx_word' id='word_1_33' title='bbox 451 721 486 784; x_wconf 83' lang='lat' dir='ltr'><strong>io</strong></span> <span class='ocrx_word' id='word_1_34' title='bbox 500 729 586 784; x_wconf 80' lang='lat' dir='ltr'><strong>torro</strong></span> <span class='ocrx_word' id='word_1_35' title='bbox 600 719 712 795; x_wconf 73' lang='lat' dir='ltr'><strong>otton,</strong></span> <span class='ocrx_word' id='word_1_36' title='bbox 728 727 756 782; x_wconf 83' lang='lat' dir='ltr'><strong>ot</strong></span> <span class='ocrx_word' id='word_1_37' title='bbox 767 719 801 783; x_wconf 82' lang='lat' dir='ltr'><strong>in</strong></span> <span class='ocrx_word' id='word_1_38' title='bbox 814 718 985 781; x_wconf 84' lang='lat' dir='ltr'><strong>soroitotom</strong></span> <span class='ocrx_word' id='word_1_39' title='bbox 1000 715 1185 800; x_wconf 76' lang='lat' dir='ltr'><strong>rodipootur,</strong></span> <span class='ocrx_word' id='word_1_40' title='bbox 1201 722 1229 776; x_wconf 86' lang='lat' dir='ltr'><strong>ot</strong></span> <span class='ocrx_word' id='word_1_41' title='bbox 1244 709 1391 777; x_wconf 79' lang='lat' dir='ltr'><strong>coccino-</strong></span> <span class='ocrx_word' id='word_1_42' title='bbox 1404 731 1434 771; x_wconf 86' lang='lat' dir='ltr'><strong>n.</strong></span> <span class='ocrx_word' id='word_1_43' title='bbox 1444 733 1487 772; x_wconf 78' lang='lat' dir='ltr'><strong>iss</strong></span> 
     </span>
     <span class='ocr_line' id='line_1_5' title="bbox 242 813 1392 908; baseline -0.01 -20"><span class='ocrx_word' id='word_1_44' title='bbox 242 835 295 890; x_wconf 83' lang='lat' dir='ltr'><strong>tro·</strong></span> <span class='ocrx_word' id='word_1_45' title='bbox 316 824 406 887; x_wconf 74' lang='lat' dir='ltr'><strong>noritis</strong></span> <span class='ocrx_word' id='word_1_46' title='bbox 424 822 665 908; x_wconf 70' lang='lat' dir='ltr'><strong>quadriopcotis,</strong></span> <span class='ocrx_word' id='word_1_47' title='bbox 684 831 712 885; x_wconf 88' lang='lat' dir='ltr'><strong>ot</strong></span> <span class='ocrx_word' id='word_1_48' title='bbox 728 821 912 906; x_wconf 73' lang='lat' dir='ltr'><strong>pentametri</strong></span> <span class='ocrx_word' id='word_1_49' title='bbox 933 820 1070 897; x_wconf 75' lang='lat' dir='ltr'><strong>servient,</strong></span> <span class='ocrx_word' id='word_1_50' title='bbox 1080 816 1227 904; x_wconf 80' lang='lat' dir='ltr'><strong>jodicnbo</strong></span> <span class='ocrx_word' id='word_1_51' title='bbox 1242 837 1300 900; x_wconf 76' lang='lat' dir='ltr'><strong>epo,</strong></span> <span class='ocrx_word' id='word_1_52' title='bbox 1317 813 1392 878; x_wconf 84' lang='lat' dir='ltr'><strong>dicit</strong></span> 
     </span>
     <span class='ocr_line' id='line_1_6' title="bbox 242 918 1393 1010; baseline -0.01 -18"><span class='ocrx_word' id='word_1_53' title='bbox 242 927 401 992; x_wconf 81' lang='lat' dir='ltr'><strong>Dominus.</strong></span> <span class='ocrx_word' id='word_1_54' title='bbox 433 924 478 989; x_wconf 82' lang='lat' dir='ltr'><strong>Et</strong></span> <span class='ocrx_word' id='word_1_55' title='bbox 485 933 590 1010; x_wconf 81' lang='lat' dir='ltr'><strong>posteo</strong></span> <span class='ocrx_word' id='word_1_56' title='bbox 605 925 703 988; x_wconf 82' lang='lat' dir='ltr'><strong>esicot</strong></span> <span class='ocrx_word' id='word_1_57' title='bbox 714 933 742 987; x_wconf 86' lang='lat' dir='ltr'><strong>ot</strong></span> <span class='ocrx_word' id='word_1_58' title='bbox 753 922 883 986; x_wconf 75' lang='lat' dir='ltr'><strong>sortierit</strong></span> <span class='ocrx_word' id='word_1_59' title='bbox 897 923 971 985; x_wconf 79' lang='lat' dir='ltr'><strong>milii</strong></span> <span class='ocrx_word' id='word_1_60' title='bbox 985 923 1020 986; x_wconf 83' lang='lat' dir='ltr'><strong>io</strong></span> <span class='ocrx_word' id='word_1_61' title='bbox 1034 923 1089 986; x_wconf 83' lang='lat' dir='ltr'><strong>isto</strong></span> <span class='ocrx_word' id='word_1_62' title='bbox 1104 921 1174 987; x_wconf 85' lang='lat' dir='ltr'><strong>loco.</strong></span> <span class='ocrx_word' id='word_1_63' title='bbox 1207 919 1253 983; x_wconf 83' lang='lat' dir='ltr'><strong>Et</strong></span> <span class='ocrx_word' id='word_1_64' title='bbox 1266 920 1350 983; x_wconf 79' lang='lat' dir='ltr'><strong>dedit</strong></span> <span class='ocrx_word' id='word_1_65' title='bbox 1365 918 1393 983; x_wconf 84' lang='lat' dir='ltr'><strong>oi</strong></span> 
     </span>
     <span class='ocr_line' id='line_1_7' title="bbox 243 1021 1394 1110; baseline -0.01 -16"><span class='ocrx_word' id='word_1_66' title='bbox 243 1037 447 1094; x_wconf 79' lang='lat' dir='ltr'><strong>testamcutum</strong></span> <span class='ocrx_word' id='word_1_67' title='bbox 475 1027 719 1103; x_wconf 69' lang='lat' dir='ltr'><strong><em>circmcisionis,</em></strong></span> <span class='ocrx_word' id='word_1_68' title='bbox 749 1035 777 1090; x_wconf 86' lang='lat' dir='ltr'><strong>ot</strong></span> <span class='ocrx_word' id='word_1_69' title='bbox 805 1025 848 1088; x_wconf 81' lang='lat' dir='ltr'><strong>sic</strong></span> <span class='ocrx_word' id='word_1_70' title='bbox 870 1026 1028 1110; x_wconf 74' lang='lat' dir='ltr'><strong>pancracii</strong></span> <span class='ocrx_word' id='word_1_71' title='bbox 1056 1025 1157 1088; x_wconf 79' lang='lat' dir='ltr'><strong>Isaac.</strong></span> <span class='ocrx_word' id='word_1_72' title='bbox 1203 1023 1249 1087; x_wconf 88' lang='lat' dir='ltr'><strong>Et</strong></span> <span class='ocrx_word' id='word_1_73' title='bbox 1274 1021 1394 1106; x_wconf 89' lang='lat' dir='ltr'><strong>reliqua</strong></span> 
     </span>
     <span class='ocr_line' id='line_1_8' title="bbox 242 1125 1394 1216; baseline -0.008 -20"><span class='ocrx_word' id='word_1_74' title='bbox 242 1140 348 1198; x_wconf 90' lang='lat' dir='ltr'><strong>autem</strong></span> <span class='ocrx_word' id='word_1_75' title='bbox 372 1131 536 1195; x_wconf 86' lang='lat' dir='ltr'><strong>verborum</strong></span> <span class='ocrx_word' id='word_1_76' title='bbox 558 1130 626 1216; x_wconf 87' lang='lat' dir='ltr'><strong>ejus</strong></span> <span class='ocrx_word' id='word_1_77' title='bbox 649 1128 781 1194; x_wconf 91' lang='lat' dir='ltr'><strong>eundem</strong></span> <span class='ocrx_word' id='word_1_78' title='bbox 809 1127 914 1191; x_wconf 92' lang='lat' dir='ltr'><strong>Deum</strong></span> <span class='ocrx_word' id='word_1_79' title='bbox 936 1127 1134 1202; x_wconf 80' lang='lat' dir='ltr'><strong>annuntiant,</strong></span> <span class='ocrx_word' id='word_1_80' title='bbox 1157 1125 1209 1210; x_wconf 93' lang='lat' dir='ltr'><strong>qui</strong></span> <span class='ocrx_word' id='word_1_81' title='bbox 1234 1125 1294 1189; x_wconf 82' lang='lat' dir='ltr'><strong>luit</strong></span> <span class='ocrx_word' id='word_1_82' title='bbox 1322 1144 1394 1188; x_wconf 90' lang='lat' dir='ltr'><strong>cum</strong></span> 
     </span>
     <span class='ocr_line' id='line_1_9' title="bbox 244 1229 1221 1320; baseline -0.004 -22"><span class='ocrx_word' id='word_1_83' title='bbox 244 1233 269 1298; x_wconf 84' lang='lat' dir='ltr'><strong>J</strong></span> <span class='ocrx_word' id='word_1_84' title='bbox 271 1233 377 1320; x_wconf 90' lang='lat' dir='ltr'><strong>oseph,</strong></span> <span class='ocrx_word' id='word_1_85' title='bbox 393 1240 512 1299; x_wconf 89' lang='lat' dir='ltr'><strong>etcum</strong></span> <span class='ocrx_word' id='word_1_86' title='bbox 526 1231 721 1318; x_wconf 85' lang='lat' dir='ltr'><strong>patriarchis,</strong></span> <span class='ocrx_word' id='word_1_87' title='bbox 737 1231 790 1316; x_wconf 93' lang='lat' dir='ltr'><strong>qui</strong></span> <span class='ocrx_word' id='word_1_88' title='bbox 806 1239 839 1296; x_wconf 92' lang='lat' dir='ltr'><strong>et</strong></span> <span class='ocrx_word' id='word_1_89' title='bbox 853 1230 1024 1297; x_wconf 89' lang='lat' dir='ltr'><strong>collocutus</strong></span> <span class='ocrx_word' id='word_1_90' title='bbox 1038 1238 1087 1295; x_wconf 90' lang='lat' dir='ltr'><strong>est</strong></span> <span class='ocrx_word' id='word_1_91' title='bbox 1104 1229 1221 1316; x_wconf 85' lang='lat' dir='ltr'><strong><em>Moysi.</em></strong></span> 
     </span>
     <span class='ocr_line' id='line_1_10' title="bbox 311 1330 1395 1420; baseline -0.006 -21"><span class='ocrx_word' id='word_1_92' title='bbox 311 1338 364 1400; x_wconf 76' lang='lat'><strong>14.</strong></span> <span class='ocrx_word' id='word_1_93' title='bbox 408 1334 454 1398; x_wconf 87' lang='lat' dir='ltr'><strong>Et</strong></span> <span class='ocrx_word' id='word_1_94' title='bbox 479 1354 602 1398; x_wconf 90' lang='lat' dir='ltr'><strong>onmem</strong></span> <span class='ocrx_word' id='word_1_95' title='bbox 629 1333 852 1420; x_wconf 86' lang='lat' dir='ltr'><strong>Apostolorum</strong></span> <span class='ocrx_word' id='word_1_96' title='bbox 879 1333 1053 1399; x_wconf 88' lang='lat' dir='ltr'><strong>doctrinam</strong></span> <span class='ocrx_word' id='word_1_97' title='bbox 1079 1339 1235 1397; x_wconf 84' lang='lat' dir='ltr'><strong>unumst</strong></span> <span class='ocrx_word' id='word_1_98' title='bbox 1262 1330 1395 1395; x_wconf 91' lang='lat' dir='ltr'><strong>eundem</strong></span> 
     </span>
     <span class='ocr_line' id='line_1_11' title="bbox 246 1432 1396 1522; baseline -0.008 -19"><span class='ocrx_word' id='word_1_99' title='bbox 246 1439 351 1504; x_wconf 92' lang='lat' dir='ltr'><strong>Deum</strong></span> <span class='ocrx_word' id='word_1_100' title='bbox 376 1437 589 1515; x_wconf 76' lang='lat' dir='ltr'><strong>annuntiasse,</strong></span> <span class='ocrx_word' id='word_1_101' title='bbox 619 1436 672 1522; x_wconf 93' lang='lat' dir='ltr'><strong>qui</strong></span> <span class='ocrx_word' id='word_1_102' title='bbox 698 1437 859 1502; x_wconf 81' lang='lat' dir='ltr'><strong>transtulit</strong></span> <span class='ocrx_word' id='word_1_103' title='bbox 885 1435 1058 1512; x_wconf 88' lang='lat' dir='ltr'><strong>Abrabam,</strong></span> <span class='ocrx_word' id='word_1_104' title='bbox 1084 1434 1137 1522; x_wconf 91' lang='lat' dir='ltr'><strong>qui</strong></span> <span class='ocrx_word' id='word_1_105' title='bbox 1159 1432 1396 1519; x_wconf 83' lang='lat' dir='ltr'><strong>promissionem</strong></span> 
     </span>
     <span class='ocr_line' id='line_1_12' title="bbox 244 1538 1397 1625; baseline -0.007 -18"><span class='ocrx_word' id='word_1_106' title='bbox 244 1541 438 1607; x_wconf 75' lang='lat' dir='ltr'><strong>haereditatis</strong></span> <span class='ocrx_word' id='word_1_107' title='bbox 452 1540 482 1606; x_wconf 91' lang='lat' dir='ltr'><strong>ei</strong></span> <span class='ocrx_word' id='word_1_108' title='bbox 497 1540 581 1618; x_wconf 85' lang='lat' dir='ltr'><strong>iecit,</strong></span> <span class='ocrx_word' id='word_1_109' title='bbox 597 1540 650 1625; x_wconf 95' lang='lat' dir='ltr'><strong>qui</strong></span> <span class='ocrx_word' id='word_1_110' title='bbox 671 1547 895 1605; x_wconf 85' lang='lat' dir='ltr'><strong>testamentum</strong></span> <span class='ocrx_word' id='word_1_111' title='bbox 910 1538 1153 1604; x_wconf 83' lang='lat' dir='ltr'><strong>circumcisionis</strong></span> <span class='ocrx_word' id='word_1_112' title='bbox 1167 1546 1242 1625; x_wconf 88' lang='lat' dir='ltr'><strong>apto</strong></span> <span class='ocrx_word' id='word_1_113' title='bbox 1256 1544 1397 1620; x_wconf 88' lang='lat' dir='ltr'><strong>tempore</strong></span> 
     </span>
     <span class='ocr_line' id='line_1_13' title="bbox 245 1640 1398 1731; baseline -0.006 -22"><span class='ocrx_word' id='word_1_114' title='bbox 245 1644 342 1722; x_wconf 85' lang='lat' dir='ltr'><strong>dedit,</strong></span> <span class='ocrx_word' id='word_1_115' title='bbox 358 1644 466 1730; x_wconf 87' lang='lat' dir='ltr'><strong>quiex</strong></span> <span class='ocrx_word' id='word_1_116' title='bbox 480 1645 627 1731; x_wconf 83' lang='lat' dir='ltr'><strong>AEgypto</strong></span> <span class='ocrx_word' id='word_1_117' title='bbox 641 1643 763 1709; x_wconf 89' lang='lat' dir='ltr'><strong>vocavit</strong></span> <span class='ocrx_word' id='word_1_118' title='bbox 776 1665 884 1709; x_wconf 90' lang='lat' dir='ltr'><strong>semen</strong></span> <span class='ocrx_word' id='word_1_119' title='bbox 899 1644 977 1729; x_wconf 86' lang='lat' dir='ltr'><strong>ejus,</strong></span> <span class='ocrx_word' id='word_1_120' title='bbox 993 1648 1149 1708; x_wconf 83' lang='lat' dir='ltr'><strong>servatum</strong></span> <span class='ocrx_word' id='word_1_121' title='bbox 1164 1640 1327 1705; x_wconf 78' lang='lat' dir='ltr'><strong>manifeste</strong></span> <span class='ocrx_word' id='word_1_122' title='bbox 1342 1660 1398 1724; x_wconf 91' lang='lat' dir='ltr'><strong>per</strong></span> 
     </span>
     <span class='ocr_line' id='line_1_14' title="bbox 246 1743 1398 1833; baseline -0.004 -21"><span class='ocrx_word' id='word_1_123' title='bbox 246 1746 523 1824; x_wconf 83' lang='lat' dir='ltr'><strong>circumcisionem,</strong></span> <span class='ocrx_word' id='word_1_124' title='bbox 544 1746 577 1810; x_wconf 93' lang='lat' dir='ltr'><strong>in</strong></span> <span class='ocrx_word' id='word_1_125' title='bbox 590 1745 682 1833; x_wconf 85' lang='lat' dir='ltr'><strong>signo</strong></span> <span class='ocrx_word' id='word_1_126' title='bbox 699 1746 783 1811; x_wconf 92' lang='lat' dir='ltr'><strong>enim</strong></span> <span class='ocrx_word' id='word_1_127' title='bbox 805 1746 892 1811; x_wconf 87' lang='lat' dir='ltr'><strong>dedit</strong></span> <span class='ocrx_word' id='word_1_128' title='bbox 912 1768 992 1825; x_wconf 90' lang='lat' dir='ltr'><strong>eam,</strong></span> <span class='ocrx_word' id='word_1_129' title='bbox 1015 1754 1051 1810; x_wconf 91' lang='lat' dir='ltr'><strong>nt</strong></span> <span class='ocrx_word' id='word_1_130' title='bbox 1073 1767 1136 1810; x_wconf 92' lang='lat' dir='ltr'><strong>non</strong></span> <span class='ocrx_word' id='word_1_131' title='bbox 1155 1743 1273 1810; x_wconf 88' lang='lat' dir='ltr'><strong>similes</strong></span> <span class='ocrx_word' id='word_1_132' title='bbox 1292 1751 1398 1808; x_wconf 88' lang='lat' dir='ltr'><strong>essent</strong></span> 
     </span>
     <span class='ocr_line' id='line_1_15' title="bbox 247 1845 1396 1936; baseline -0.002 -22"><span class='ocrx_word' id='word_1_133' title='bbox 247 1849 423 1936; x_wconf 82' lang='lat' dir='ltr'><strong>AEgyptiis,</strong></span> <span class='ocrx_word' id='word_1_134' title='bbox 443 1849 526 1914; x_wconf 88' lang='lat' dir='ltr'><strong>huuc</strong></span> <span class='ocrx_word' id='word_1_135' title='bbox 548 1850 698 1915; x_wconf 80' lang='lat' dir='ltr'><strong>factorem</strong></span> <span class='ocrx_word' id='word_1_136' title='bbox 718 1849 867 1928; x_wconf 88' lang='lat' dir='ltr'><strong>omnium,</strong></span> <span class='ocrx_word' id='word_1_137' title='bbox 892 1850 975 1916; x_wconf 91' lang='lat' dir='ltr'><strong>hunc</strong></span> <span class='ocrx_word' id='word_1_138' title='bbox 997 1850 1126 1914; x_wconf 82' lang='lat' dir='ltr'><strong>Patrem</strong></span> <span class='ocrx_word' id='word_1_139' title='bbox 1146 1847 1274 1913; x_wconf 91' lang='lat' dir='ltr'><strong>Domini</strong></span> <span class='ocrx_word' id='word_1_140' title='bbox 1298 1845 1396 1912; x_wconf 84' lang='lat' dir='ltr'><strong>nostri</strong></span> 
     </span>
     <span class='ocr_line' id='line_1_16' title="bbox 246 1952 1399 2040; baseline 0.001 -23"><span class='ocrx_word' id='word_1_141' title='bbox 246 1952 271 2017; x_wconf 84' lang='lat' dir='ltr'><strong>J</strong></span> <span class='ocrx_word' id='word_1_142' title='bbox 273 1974 328 2018; x_wconf 93' lang='lat' dir='ltr'><strong>esu</strong></span> <span class='ocrx_word' id='word_1_143' title='bbox 339 1952 467 2032; x_wconf 78' lang='lat' dir='ltr'><strong>Christi,</strong></span> <span class='ocrx_word' id='word_1_144' title='bbox 483 1954 566 2019; x_wconf 89' lang='lat' dir='ltr'><strong>hunc</strong></span> <span class='ocrx_word' id='word_1_145' title='bbox 576 1953 679 2019; x_wconf 91' lang='lat' dir='ltr'><strong>Deum</strong></span> <span class='ocrx_word' id='word_1_146' title='bbox 691 1953 853 2034; x_wconf 86' lang='lat' dir='ltr'><strong>claritatis,</strong></span> <span class='ocrx_word' id='word_1_147' title='bbox 868 1977 908 2021; x_wconf 89' lang='lat' dir='ltr'><strong>ex</strong></span> <span class='ocrx_word' id='word_1_148' title='bbox 923 1955 1001 2040; x_wconf 85' lang='lat' dir='ltr'><strong>ipsis</strong></span> <span class='ocrx_word' id='word_1_149' title='bbox 1014 1955 1209 2021; x_wconf 89' lang='lat' dir='ltr'><strong>sermonibus</strong></span> <span class='ocrx_word' id='word_1_150' title='bbox 1220 1963 1253 2020; x_wconf 91' lang='lat' dir='ltr'><strong>et</strong></span> <span class='ocrx_word' id='word_1_151' title='bbox 1262 1953 1399 2018; x_wconf 90' lang='lat' dir='ltr'><strong>Actibus</strong></span> 
     </span>
     <span class='ocr_line' id='line_1_17' title="bbox 248 2055 1399 2144; baseline -0.001 -24"><span class='ocrx_word' id='word_1_152' title='bbox 248 2055 472 2142; x_wconf 89' lang='lat' dir='ltr'><strong>Apostolorum</strong></span> <span class='ocrx_word' id='word_1_153' title='bbox 491 2056 629 2122; x_wconf 88' lang='lat' dir='ltr'><strong>volentes</strong></span> <span class='ocrx_word' id='word_1_154' title='bbox 652 2057 771 2123; x_wconf 88' lang='lat' dir='ltr'><strong>discere</strong></span> <span class='ocrx_word' id='word_1_155' title='bbox 792 2066 933 2143; x_wconf 88' lang='lat' dir='ltr'><strong>possunt,</strong></span> <span class='ocrx_word' id='word_1_156' title='bbox 968 2066 1001 2124; x_wconf 92' lang='lat' dir='ltr'><strong>et</strong></span> <span class='ocrx_word' id='word_1_157' title='bbox 1024 2057 1225 2144; x_wconf 88' lang='lat' dir='ltr'><strong>contemplari</strong></span> <span class='ocrx_word' id='word_1_158' title='bbox 1252 2056 1399 2141; x_wconf 93' lang='lat' dir='ltr'><strong>quoniam</strong></span> 
     </span>
     <span class='ocr_line' id='line_1_18' title="bbox 248 2159 1400 2247; baseline -0.002 -23"><span class='ocrx_word' id='word_1_159' title='bbox 248 2181 328 2224; x_wconf 90' lang='lat' dir='ltr'><strong>unus</strong></span> <span class='ocrx_word' id='word_1_160' title='bbox 342 2160 394 2225; x_wconf 92' lang='lat' dir='ltr'><strong>hic</strong></span> <span class='ocrx_word' id='word_1_161' title='bbox 408 2159 507 2237; x_wconf 91' lang='lat' dir='ltr'><strong>Deus,</strong></span> <span class='ocrx_word' id='word_1_162' title='bbox 522 2181 615 2246; x_wconf 88' lang='lat' dir='ltr'><strong>super</strong></span> <span class='ocrx_word' id='word_1_163' title='bbox 629 2182 721 2247; x_wconf 91' lang='lat' dir='ltr'><strong>quem</strong></span> <span class='ocrx_word' id='word_1_164' title='bbox 735 2161 816 2227; x_wconf 90' lang='lat' dir='ltr'><strong>alius</strong></span> <span class='ocrx_word' id='word_1_165' title='bbox 829 2184 892 2228; x_wconf 90' lang='lat' dir='ltr'><strong>non</strong></span> <span class='ocrx_word' id='word_1_166' title='bbox 906 2169 966 2228; x_wconf 90' lang='lat' dir='ltr'><strong>est.</strong></span> <span class='ocrx_word' id='word_1_167' title='bbox 1003 2161 1038 2227; x_wconf 87' lang='lat' dir='ltr'><strong>si</strong></span> <span class='ocrx_word' id='word_1_168' title='bbox 1052 2168 1204 2226; x_wconf 85' lang='lat' dir='ltr'><strong>autemst</strong></span> <span class='ocrx_word' id='word_1_169' title='bbox 1218 2167 1286 2225; x_wconf 89' lang='lat' dir='ltr'><strong>erat</strong></span> <span class='ocrx_word' id='word_1_170' title='bbox 1306 2181 1400 2243; x_wconf 91' lang='lat' dir='ltr'><strong>super</strong></span> 
     </span>
     <span class='ocr_line' id='line_1_19' title="bbox 247 2262 1399 2357; baseline 0 -29"><span class='ocrx_word' id='word_1_171' title='bbox 247 2265 331 2330; x_wconf 88' lang='lat' dir='ltr'><strong>hunc</strong></span> <span class='ocrx_word' id='word_1_172' title='bbox 344 2265 425 2329; x_wconf 87' lang='lat' dir='ltr'><strong>alius</strong></span> <span class='ocrx_word' id='word_1_173' title='bbox 445 2265 543 2344; x_wconf 91' lang='lat' dir='ltr'><strong>Deus,</strong></span> <span class='ocrx_word' id='word_1_174' title='bbox 559 2287 599 2331; x_wconf 89' lang='lat' dir='ltr'><strong>ex</strong></span> <span class='ocrx_word' id='word_1_175' title='bbox 613 2265 784 2357; x_wconf 87' lang='lat' dir='ltr'><strong>abundanti</strong></span> <span class='ocrx_word' id='word_1_176' title='bbox 800 2289 855 2352; x_wconf 93' lang='lat' dir='ltr'><strong>per</strong></span> <span class='ocrx_word' id='word_1_177' title='bbox 868 2266 1132 2353; x_wconf 86' lang='lat' dir='ltr'><strong>comparationem</strong></span> <span class='ocrx_word' id='word_1_178' title='bbox 1146 2265 1328 2341; x_wconf 88' lang='lat' dir='ltr'><strong>diceremus,</strong></span> <span class='ocrx_word' id='word_1_179' title='bbox 1347 2262 1399 2328; x_wconf 88' lang='lat' dir='ltr'><strong>hio</strong></span> 
     </span>
     <span class='ocr_line' id='line_1_20' title="bbox 249 2367 1400 2456; baseline 0 -26"><span class='ocrx_word' id='word_1_180' title='bbox 249 2367 302 2433; x_wconf 91' lang='lat' dir='ltr'><strong>illo</strong></span> <span class='ocrx_word' id='word_1_181' title='bbox 316 2367 425 2433; x_wconf 91' lang='lat' dir='ltr'><strong>melior</strong></span> <span class='ocrx_word' id='word_1_182' title='bbox 439 2375 496 2434; x_wconf 90' lang='lat' dir='ltr'><strong>est.</strong></span> <span class='ocrx_word' id='word_1_183' title='bbox 542 2368 658 2434; x_wconf 88' lang='lat' dir='ltr'><strong>Melior</strong></span> <span class='ocrx_word' id='word_1_184' title='bbox 672 2369 755 2434; x_wconf 90' lang='lat' dir='ltr'><strong>enim</strong></span> <span class='ocrx_word' id='word_1_185' title='bbox 767 2391 806 2435; x_wconf 87' lang='lat' dir='ltr'><strong>ex</strong></span> <span class='ocrx_word' id='word_1_186' title='bbox 822 2371 967 2456; x_wconf 88' lang='lat' dir='ltr'><strong>operibus</strong></span> <span class='ocrx_word' id='word_1_187' title='bbox 986 2377 1124 2456; x_wconf 84' lang='lat' dir='ltr'><strong>apparet,</strong></span> <span class='ocrx_word' id='word_1_188' title='bbox 1139 2367 1400 2454; x_wconf 91' lang='lat' dir='ltr'><strong>quemadmodum</strong></span> 
     </span>
     <span class='ocr_line' id='line_1_21' title="bbox 248 2471 1400 2559; baseline -0.002 -22"><span class='ocrx_word' id='word_1_189' title='bbox 248 2480 281 2537; x_wconf 91' lang='lat' dir='ltr'><strong>et</strong></span> <span class='ocrx_word' id='word_1_190' title='bbox 295 2471 530 2557; x_wconf 77' lang='lat' dir='ltr'><strong>&#39;praediximusz</strong></span> <span class='ocrx_word' id='word_1_191' title='bbox 547 2479 580 2538; x_wconf 89' lang='lat' dir='ltr'><strong>et</strong></span> <span class='ocrx_word' id='word_1_192' title='bbox 596 2495 668 2538; x_wconf 91' lang='lat' dir='ltr'><strong>cum</strong></span> <span class='ocrx_word' id='word_1_193' title='bbox 679 2472 723 2537; x_wconf 92' lang='lat' dir='ltr'><strong>illi</strong></span> <span class='ocrx_word' id='word_1_194' title='bbox 737 2473 856 2538; x_wconf 91' lang='lat' dir='ltr'><strong>nullum</strong></span> <span class='ocrx_word' id='word_1_195' title='bbox 869 2473 976 2539; x_wconf 89' lang='lat' dir='ltr'><strong>Patris</strong></span> <span class='ocrx_word' id='word_1_196' title='bbox 990 2473 1038 2538; x_wconf 90' lang='lat' dir='ltr'><strong>sui</strong></span> <span class='ocrx_word' id='word_1_197' title='bbox 1053 2494 1132 2559; x_wconf 91' lang='lat' dir='ltr'><strong>opus</strong></span> <span class='ocrx_word' id='word_1_198' title='bbox 1145 2472 1282 2537; x_wconf 90' lang='lat' dir='ltr'><strong>habeant</strong></span> <span class='ocrx_word' id='word_1_199' title='bbox 1296 2478 1400 2537; x_wconf 89' lang='lat' dir='ltr'><strong>osten-</strong></span> 
     </span>
     <span class='ocr_line' id='line_1_22' title="bbox 84 2575 1399 2664; baseline 0.001 -25"><span class='ocrx_word' id='word_1_200' title='bbox 84 2591 222 2631; x_wconf 62' lang='lat' dir='ltr'><strong>1s¹mntt</strong></span> <span class='ocrx_word' id='word_1_201' title='bbox 248 2575 333 2654; x_wconf 88' lang='lat' dir='ltr'><strong>dere,</strong></span> <span class='ocrx_word' id='word_1_202' title='bbox 352 2575 404 2641; x_wconf 91' lang='lat' dir='ltr'><strong>hic</strong></span> <span class='ocrx_word' id='word_1_203' title='bbox 425 2575 510 2641; x_wconf 88' lang='lat' dir='ltr'><strong>solus</strong></span> <span class='ocrx_word' id='word_1_204' title='bbox 531 2576 706 2642; x_wconf 86' lang='lat' dir='ltr'><strong>ostenditur</strong></span> <span class='ocrx_word' id='word_1_205' title='bbox 727 2577 825 2643; x_wconf 90' lang='lat' dir='ltr'><strong>Deus.</strong></span> <span class='ocrx_word' id='word_1_206' title='bbox 873 2576 907 2642; x_wconf 93' lang='lat' dir='ltr'><strong>Si</strong></span> <span class='ocrx_word' id='word_1_207' title='bbox 929 2576 999 2664; x_wconf 90' lang='lat' dir='ltr'><strong>quis</strong></span> <span class='ocrx_word' id='word_1_208' title='bbox 1022 2586 1127 2642; x_wconf 89' lang='lat' dir='ltr'><strong>autem</strong></span> <span class='ocrx_word' id='word_1_209' title='bbox 1147 2586 1297 2662; x_wconf 75' lang='lat' dir='ltr'><strong>oeprotoos</strong></span> <span class='ocrx_word' id='word_1_210' title='bbox 1315 2578 1399 2641; x_wconf 83' lang='lat' dir='ltr'><strong>circo</strong></span> 
     </span>
     <span class='ocr_line' id='line_1_23' title="bbox 248 2680 1401 2767; baseline 0 -23"><span class='ocrx_word' id='word_1_211' title='bbox 248 2680 431 2766; x_wconf 81' lang='lat' dir='ltr'><strong>qooestioocs,</strong></span> <span class='ocrx_word' id='word_1_212' title='bbox 453 2701 491 2744; x_wconf 90' lang='lat' dir='ltr'><strong>ea</strong></span> <span class='ocrx_word' id='word_1_213' title='bbox 508 2701 578 2766; x_wconf 87' lang='lat' dir='ltr'><strong>quae</strong></span> <span class='ocrx_word' id='word_1_214' title='bbox 594 2681 635 2744; x_wconf 88' lang='lat' dir='ltr'><strong>ab</strong></span> <span class='ocrx_word' id='word_1_215' title='bbox 651 2680 814 2766; x_wconf 88' lang='lat' dir='ltr'><strong>Apostolis</strong></span> <span class='ocrx_word' id='word_1_216' title='bbox 833 2681 873 2746; x_wconf 93' lang='lat' dir='ltr'><strong>de</strong></span> <span class='ocrx_word' id='word_1_217' title='bbox 893 2681 962 2745; x_wconf 90' lang='lat' dir='ltr'><strong>Deo</strong></span> <span class='ocrx_word' id='word_1_218' title='bbox 978 2681 1160 2758; x_wconf 90' lang='lat' dir='ltr'><strong>dictasunt,</strong></span> <span class='ocrx_word' id='word_1_219' title='bbox 1175 2680 1401 2767; x_wconf 84' lang='lat' dir='ltr'><strong>allegorisanda</strong></span> 
     </span>
     <span class='ocr_line' id='line_1_24' title="bbox 249 2781 1401 2867; baseline 0 -21"><span class='ocrx_word' id='word_1_220' title='bbox 249 2781 419 2859; x_wconf 82' lang='lat' dir='ltr'><strong>existimat,</strong></span> <span class='ocrx_word' id='word_1_221' title='bbox 439 2781 605 2866; x_wconf 85' lang='lat' dir='ltr'><strong>praedictos</strong></span> <span class='ocrx_word' id='word_1_222' title='bbox 623 2803 783 2849; x_wconf 88' lang='lat' dir='ltr'><strong>sermones</strong></span> <span class='ocrx_word' id='word_1_223' title='bbox 800 2789 924 2848; x_wconf 88' lang='lat' dir='ltr'><strong>nostros</strong></span> <span class='ocrx_word' id='word_1_224' title='bbox 944 2781 1102 2861; x_wconf 87' lang='lat' dir='ltr'><strong>discutiat,</strong></span> <span class='ocrx_word' id='word_1_225' title='bbox 1123 2781 1156 2845; x_wconf 94' lang='lat' dir='ltr'><strong>in</strong></span> <span class='ocrx_word' id='word_1_226' title='bbox 1177 2781 1289 2867; x_wconf 90' lang='lat' dir='ltr'><strong>quibus</strong></span> <span class='ocrx_word' id='word_1_227' title='bbox 1304 2803 1401 2846; x_wconf 92' lang='lat' dir='ltr'><strong>unum</strong></span> 
     </span>
     <span class='ocr_line' id='line_1_25' title="bbox 249 2883 1401 2970; baseline 0 -22"><span class='ocrx_word' id='word_1_228' title='bbox 249 2883 354 2949; x_wconf 91' lang='lat' dir='ltr'><strong>Deum</strong></span> <span class='ocrx_word' id='word_1_229' title='bbox 369 2883 561 2949; x_wconf 89' lang='lat' dir='ltr'><strong>conditorem</strong></span> <span class='ocrx_word' id='word_1_230' title='bbox 575 2890 608 2949; x_wconf 87' lang='lat' dir='ltr'><strong>et</strong></span> <span class='ocrx_word' id='word_1_231' title='bbox 622 2884 770 2950; x_wconf 83' lang='lat' dir='ltr'><strong>factorem</strong></span> <span class='ocrx_word' id='word_1_232' title='bbox 784 2885 924 2951; x_wconf 91' lang='lat' dir='ltr'><strong>omnium</strong></span> <span class='ocrx_word' id='word_1_233' title='bbox 938 2885 1139 2964; x_wconf 88' lang='lat' dir='ltr'><strong>ostendimus,</strong></span> <span class='ocrx_word' id='word_1_234' title='bbox 1158 2893 1191 2949; x_wconf 92' lang='lat' dir='ltr'><strong>et</strong></span> <span class='ocrx_word' id='word_1_235' title='bbox 1212 2906 1250 2951; x_wconf 86' lang='lat' dir='ltr'><strong>ea</strong></span> <span class='ocrx_word' id='word_1_236' title='bbox 1269 2906 1338 2970; x_wconf 83' lang='lat' dir='ltr'><strong>quae</strong></span> <span class='ocrx_word' id='word_1_237' title='bbox 1360 2886 1401 2949; x_wconf 91' lang='lat' dir='ltr'><strong>ab</strong></span> 
     </span>
     <span class='ocr_line' id='line_1_26' title="bbox 250 2986 1401 3066; baseline 0.001 -14"><span class='ocrx_word' id='word_1_238' title='bbox 250 2986 312 3052; x_wconf 88' lang='lat' dir='ltr'><strong>illis</strong></span> <span class='ocrx_word' id='word_1_239' title='bbox 326 2986 471 3052; x_wconf 89' lang='lat' dir='ltr'><strong>dicuntur</strong></span> <span class='ocrx_word' id='word_1_240' title='bbox 485 2986 695 3053; x_wconf 81' lang='lat' dir='ltr'><strong>destruximus</strong></span> <span class='ocrx_word' id='word_1_241' title='bbox 714 2997 747 3054; x_wconf 90' lang='lat' dir='ltr'><strong>et</strong></span> <span class='ocrx_word' id='word_1_242' title='bbox 761 2989 993 3066; x_wconf 84' lang='lat' dir='ltr'><strong>denudavimus,</strong></span> <span class='ocrx_word' id='word_1_243' title='bbox 1016 2997 1049 3054; x_wconf 92' lang='lat' dir='ltr'><strong>et</strong></span> <span class='ocrx_word' id='word_1_244' title='bbox 1063 2989 1215 3054; x_wconf 74' lang='lat' dir='ltr'><strong>”inveniet</strong></span> <span class='ocrx_word' id='word_1_245' title='bbox 1229 3010 1401 3055; x_wconf 89' lang='lat' dir='ltr'><strong>consonan-</strong></span> 
     </span>
     <span class='ocr_line' id='line_1_27' title="bbox 250 3089 1403 3177; baseline 0.003 -21"><span class='ocrx_word' id='word_1_246' title='bbox 250 3099 300 3156; x_wconf 88' lang='lat' dir='ltr'><strong>tes</strong></span> <span class='ocrx_word' id='word_1_247' title='bbox 314 3111 369 3155; x_wconf 87' lang='lat' dir='ltr'><strong>eos</strong></span> <span class='ocrx_word' id='word_1_248' title='bbox 383 3089 607 3176; x_wconf 89' lang='lat' dir='ltr'><strong>Apostolorum</strong></span> <span class='ocrx_word' id='word_1_249' title='bbox 622 3091 782 3171; x_wconf 87' lang='lat' dir='ltr'><strong>doctrinae,</strong></span> <span class='ocrx_word' id='word_1_250' title='bbox 798 3101 831 3159; x_wconf 88' lang='lat' dir='ltr'><strong>et</strong></span> <span class='ocrx_word' id='word_1_251' title='bbox 844 3093 891 3159; x_wconf 89' lang='lat' dir='ltr'><strong>sic</strong></span> <span class='ocrx_word' id='word_1_252' title='bbox 902 3093 1017 3158; x_wconf 88' lang='lat' dir='ltr'><strong>habere</strong></span> <span class='ocrx_word' id='word_1_253' title='bbox 1036 3093 1297 3177; x_wconf 89' lang='lat' dir='ltr'><strong>quemadmodum</strong></span> <span class='ocrx_word' id='word_1_254' title='bbox 1312 3094 1403 3159; x_wconf 87' lang='lat' dir='ltr'><strong>doce·</strong></span> 
     </span>
     <span class='ocr_line' id='line_1_28' title="bbox 251 3194 1403 3281; baseline 0 -20"><span class='ocrx_word' id='word_1_255' title='bbox 251 3197 328 3261; x_wconf 88' lang='lat' dir='ltr'><strong>bant</strong></span> <span class='ocrx_word' id='word_1_256' title='bbox 354 3201 387 3260; x_wconf 93' lang='lat' dir='ltr'><strong>et</strong></span> <span class='ocrx_word' id='word_1_257' title='bbox 412 3194 687 3279; x_wconf 86' lang='lat' dir='ltr'><strong>persuadebantur,</strong></span> <span class='ocrx_word' id='word_1_258' title='bbox 708 3196 855 3281; x_wconf 88' lang='lat' dir='ltr'><strong>quoniam</strong></span> <span class='ocrx_word' id='word_1_259' title='bbox 883 3217 964 3261; x_wconf 89' lang='lat' dir='ltr'><strong>unns</strong></span> <span class='ocrx_word' id='word_1_260' title='bbox 993 3202 1042 3261; x_wconf 89' lang='lat' dir='ltr'><strong>est</strong></span> <span class='ocrx_word' id='word_1_261' title='bbox 1072 3195 1240 3261; x_wconf 87' lang='lat' dir='ltr'><strong>fabricator</strong></span> <span class='ocrx_word' id='word_1_262' title='bbox 1264 3198 1403 3262; x_wconf 91' lang='lat' dir='ltr'><strong>omnium</strong></span> 
     </span>
     <span class='ocr_line' id='line_1_29' title="bbox 252 3295 1492 3383; baseline 0.002 -23"><span class='ocrx_word' id='word_1_263' title='bbox 252 3295 358 3361; x_wconf 87' lang='lat' dir='ltr'><strong>Deus:</strong></span> <span class='ocrx_word' id='word_1_264' title='bbox 383 3304 416 3361; x_wconf 89' lang='lat' dir='ltr'><strong>et</strong></span> <span class='ocrx_word' id='word_1_265' title='bbox 440 3317 512 3361; x_wconf 88' lang='lat' dir='ltr'><strong>cum</strong></span> <span class='ocrx_word' id='word_1_266' title='bbox 534 3296 681 3383; x_wconf 88' lang='lat' dir='ltr'><strong>repulerit</strong></span> <span class='ocrx_word' id='word_1_267' title='bbox 700 3319 721 3361; x_wconf 89' lang='lat' dir='ltr'><strong>a</strong></span> <span class='ocrx_word' id='word_1_268' title='bbox 736 3298 892 3363; x_wconf 89' lang='lat' dir='ltr'><strong>sententia</strong></span> <span class='ocrx_word' id='word_1_269' title='bbox 908 3319 966 3363; x_wconf 90' lang='lat' dir='ltr'><strong>sua</strong></span> <span class='ocrx_word' id='word_1_270' title='bbox 984 3305 1108 3364; x_wconf 85' lang='lat' dir='ltr'><strong>tantum</strong></span> <span class='ocrx_word' id='word_1_271' title='bbox 1126 3319 1271 3377; x_wconf 88' lang='lat' dir='ltr'><strong>errorem,</strong></span> <span class='ocrx_word' id='word_1_272' title='bbox 1286 3307 1319 3364; x_wconf 92' lang='lat' dir='ltr'><strong>et</strong></span> <span class='ocrx_word' id='word_1_273' title='bbox 1333 3321 1404 3364; x_wconf 89' lang='lat' dir='ltr'><strong>eam</strong></span> <span class='ocrx_word' id='word_1_274' title='bbox 1416 3312 1492 3351; x_wconf 57' lang='grc' dir='ltr'><strong>Μ·</strong></span> 
     </span>
     <span class='ocr_line' id='line_1_30' title="bbox 253 3398 1404 3487; baseline 0.004 -24"><span class='ocrx_word' id='word_1_275' title='bbox 253 3420 323 3484; x_wconf 84' lang='lat' dir='ltr'><strong>qnae</strong></span> <span class='ocrx_word' id='word_1_276' title='bbox 348 3406 398 3464; x_wconf 90' lang='lat' dir='ltr'><strong>est</strong></span> <span class='ocrx_word' id='word_1_277' title='bbox 421 3398 569 3464; x_wconf 88' lang='lat' dir='ltr'><strong>adversus</strong></span> <span class='ocrx_word' id='word_1_278' title='bbox 595 3400 700 3465; x_wconf 91' lang='lat' dir='ltr'><strong>Deum</strong></span> <span class='ocrx_word' id='word_1_279' title='bbox 722 3401 957 3487; x_wconf 85' lang='lat' dir='ltr'><strong>blasphemiam,</strong></span> <span class='ocrx_word' id='word_1_280' title='bbox 981 3409 1014 3467; x_wconf 93' lang='lat' dir='ltr'><strong>et</strong></span> <span class='ocrx_word' id='word_1_281' title='bbox 1033 3423 1054 3466; x_wconf 93' lang='lat' dir='ltr'><strong>a</strong></span> <span class='ocrx_word' id='word_1_282' title='bbox 1073 3401 1243 3486; x_wconf 86' lang='lat' dir='ltr'><strong>semetipso</strong></span> <span class='ocrx_word' id='word_1_283' title='bbox 1268 3401 1404 3467; x_wconf 85' lang='lat' dir='ltr'><strong>inveniet</strong></span> 
     </span>
     <span class='ocr_line' id='line_1_31' title="bbox 253 3503 1403 3593; baseline 0.002 -26"><span class='ocrx_word' id='word_1_284' title='bbox 253 3503 416 3584; x_wconf 87' lang='lat' dir='ltr'><strong>rationem,</strong></span> <span class='ocrx_word' id='word_1_285' title='bbox 430 3525 623 3591; x_wconf 83' lang='lat' dir='ltr'><strong>cognoscens</strong></span> <span class='ocrx_word' id='word_1_286' title='bbox 642 3513 675 3570; x_wconf 93' lang='lat' dir='ltr'><strong>et</strong></span> <span class='ocrx_word' id='word_1_287' title='bbox 697 3527 767 3570; x_wconf 87' lang='lat' dir='ltr'><strong>eam</strong></span> <span class='ocrx_word' id='word_1_288' title='bbox 781 3527 851 3592; x_wconf 83' lang='lat' dir='ltr'><strong>quae</strong></span> <span class='ocrx_word' id='word_1_289' title='bbox 871 3514 920 3572; x_wconf 88' lang='lat' dir='ltr'><strong>est</strong></span> <span class='ocrx_word' id='word_1_290' title='bbox 934 3506 1104 3572; x_wconf 88' lang='lat' dir='ltr'><strong>secundum</strong></span> <span class='ocrx_word' id='word_1_291' title='bbox 1126 3506 1270 3592; x_wconf 86' lang='lat' dir='ltr'><strong>Moysem</strong></span> <span class='ocrx_word' id='word_1_292' title='bbox 1293 3505 1403 3593; x_wconf 84' lang='lat' dir='ltr'><strong>legem,</strong></span> 
     </span>
     <span class='ocr_line' id='line_1_32' title="bbox 253 3605 1406 3695; baseline 0.003 -24"><span class='ocrx_word' id='word_1_293' title='bbox 253 3613 286 3672; x_wconf 90' lang='lat' dir='ltr'><strong>et</strong></span> <span class='ocrx_word' id='word_1_294' title='bbox 297 3605 431 3693; x_wconf 83' lang='lat' dir='ltr'><strong>gratiam</strong></span> <span class='ocrx_word' id='word_1_295' title='bbox 440 3605 522 3671; x_wconf 83' lang='lat' dir='ltr'><strong>Novi</strong></span> <span class='ocrx_word' id='word_1_296' title='bbox 533 3607 738 3686; x_wconf 84' lang='lat' dir='ltr'><strong>Testamenti,</strong></span> <span class='ocrx_word' id='word_1_297' title='bbox 749 3616 879 3695; x_wconf 90' lang='lat' dir='ltr'><strong>utraque</strong></span> <span class='ocrx_word' id='word_1_298' title='bbox 890 3617 965 3695; x_wconf 90' lang='lat' dir='ltr'><strong>apta</strong></span> <span class='ocrx_word' id='word_1_299' title='bbox 975 3607 1406 3695; x_wconf 87' lang='lat' dir='ltr'><strong>temporibus,adutilitatem</strong></span> 
     </span>
     <span class='ocr_line' id='line_1_33' title="bbox 253 3707 1073 3797; baseline 0.002 -25"><span class='ocrx_word' id='word_1_300' title='bbox 253 3707 381 3772; x_wconf 89' lang='lat' dir='ltr'><strong>humaui</strong></span> <span class='ocrx_word' id='word_1_301' title='bbox 396 3708 521 3796; x_wconf 88' lang='lat' dir='ltr'><strong>generis</strong></span> <span class='ocrx_word' id='word_1_302' title='bbox 534 3712 575 3775; x_wconf 87' lang='lat' dir='ltr'><strong>ab</strong></span> <span class='ocrx_word' id='word_1_303' title='bbox 589 3731 652 3775; x_wconf 89' lang='lat' dir='ltr'><strong>nno</strong></span> <span class='ocrx_word' id='word_1_304' title='bbox 666 3718 699 3776; x_wconf 93' lang='lat' dir='ltr'><strong>et</strong></span> <span class='ocrx_word' id='word_1_305' title='bbox 713 3710 823 3775; x_wconf 89' lang='lat' dir='ltr'><strong>eodem</strong></span> <span class='ocrx_word' id='word_1_306' title='bbox 838 3709 979 3797; x_wconf 84' lang='lat' dir='ltr'><strong>praestita</strong></span> <span class='ocrx_word' id='word_1_307' title='bbox 993 3710 1073 3775; x_wconf 91' lang='lat' dir='ltr'><strong>Deo.</strong></span> 
     </span>
     <span class='ocr_line' id='line_1_34' title="bbox 323 3813 1406 3901; baseline 0.003 -25"><span class='ocrx_word' id='word_1_308' title='bbox 323 3816 374 3879; x_wconf 82' lang='lat'><strong>15.</strong></span> <span class='ocrx_word' id='word_1_309' title='bbox 418 3813 537 3878; x_wconf 92' lang='lat' dir='ltr'><strong>Omnes</strong></span> <span class='ocrx_word' id='word_1_310' title='bbox 556 3813 640 3879; x_wconf 90' lang='lat' dir='ltr'><strong>enim</strong></span> <span class='ocrx_word' id='word_1_311' title='bbox 659 3813 712 3900; x_wconf 93' lang='lat' dir='ltr'><strong>qui</strong></span> <span class='ocrx_word' id='word_1_312' title='bbox 729 3821 803 3878; x_wconf 90' lang='lat' dir='ltr'><strong>sunt</strong></span> <span class='ocrx_word' id='word_1_313' title='bbox 822 3813 912 3877; x_wconf 87' lang='lat' dir='ltr'><strong>malae</strong></span> <span class='ocrx_word' id='word_1_314' title='bbox 927 3813 1100 3890; x_wconf 89' lang='lat' dir='ltr'><strong>sententias,</strong></span> <span class='ocrx_word' id='word_1_315' title='bbox 1116 3813 1193 3877; x_wconf 91' lang='lat' dir='ltr'><strong>moti</strong></span> <span class='ocrx_word' id='word_1_316' title='bbox 1208 3814 1249 3878; x_wconf 91' lang='lat' dir='ltr'><strong>ab</strong></span> <span class='ocrx_word' id='word_1_317' title='bbox 1263 3835 1301 3878; x_wconf 90' lang='lat' dir='ltr'><strong>ea</strong></span> <span class='ocrx_word' id='word_1_318' title='bbox 1314 3813 1406 3901; x_wconf 84' lang='lat' dir='ltr'><strong>legis·</strong></span> 
     </span>
     <span class='ocr_line' id='line_1_35' title="bbox 255 3915 1407 4003; baseline 0 -22"><span class='ocrx_word' id='word_1_319' title='bbox 255 3916 391 3994; x_wconf 85' lang='lat' dir='ltr'><strong>datione,</strong></span> <span class='ocrx_word' id='word_1_320' title='bbox 416 3936 485 4002; x_wconf 85' lang='lat' dir='ltr'><strong>qnae</strong></span> <span class='ocrx_word' id='word_1_321' title='bbox 505 3916 675 3981; x_wconf 89' lang='lat' dir='ltr'><strong>secundum</strong></span> <span class='ocrx_word' id='word_1_322' title='bbox 693 3917 848 4003; x_wconf 85' lang='lat' dir='ltr'><strong>Moysem,</strong></span> <span class='ocrx_word' id='word_1_323' title='bbox 870 3915 1053 3981; x_wconf 91' lang='lat' dir='ltr'><strong>dissimilem</strong></span> <span class='ocrx_word' id='word_1_324' title='bbox 1073 3937 1143 3982; x_wconf 88' lang='lat' dir='ltr'><strong>eam</strong></span> <span class='ocrx_word' id='word_1_325' title='bbox 1165 3924 1198 3981; x_wconf 91' lang='lat' dir='ltr'><strong>et</strong></span> <span class='ocrx_word' id='word_1_326' title='bbox 1220 3918 1407 3982; x_wconf 88' lang='lat' dir='ltr'><strong>contrariam</strong></span> 
     </span>
     <span class='ocr_line' id='line_1_36' title="bbox 256 4019 1407 4108; baseline 0.001 -25"><span class='ocrx_word' id='word_1_327' title='bbox 256 4019 418 4108; x_wconf 83' lang='lat' dir='ltr'><strong>Evangelii</strong></span> <span class='ocrx_word' id='word_1_328' title='bbox 448 4019 597 4084; x_wconf 76' lang='lat' dir='ltr'><strong>doctrinas</strong></span> <span class='ocrx_word' id='word_1_329' title='bbox 626 4019 823 4097; x_wconf 87' lang='lat' dir='ltr'><strong>arbitrantes,</strong></span> <span class='ocrx_word' id='word_1_330' title='bbox 850 4019 918 4107; x_wconf 91' lang='lat' dir='ltr'><strong>jam</strong></span> <span class='ocrx_word' id='word_1_331' title='bbox 946 4020 1028 4082; x_wconf 89' lang='lat' dir='ltr'><strong>⁴nou</strong></span> <span class='ocrx_word' id='word_1_332' title='bbox 1064 4027 1138 4084; x_wconf 88' lang='lat' dir='ltr'><strong>suut</strong></span> <span class='ocrx_word' id='word_1_333' title='bbox 1173 4020 1323 4098; x_wconf 81' lang='lat' dir='ltr'><strong>conversi,</strong></span> <span class='ocrx_word' id='word_1_334' title='bbox 1361 4021 1407 4084; x_wconf 92' lang='lat' dir='ltr'><strong>uti</strong></span> 
     </span>
    </p>
   </div>
   <div class='ocr_carea' id='block_1_3' title="bbox 255 4122 1407 4209">
    <p class='ocr_par' dir='ltr' id='par_1_3' title="bbox 255 4122 1407 4209">
     <span class='ocr_line' id='line_1_37' title="bbox 255 4122 1407 4209; baseline 0.001 -23"><span class='ocrx_word' id='word_1_335' title='bbox 255 4122 437 4190; x_wconf 83' lang='lat' dir='ltr'><strong>differentias</strong></span> <span class='ocrx_word' id='word_1_336' title='bbox 466 4123 627 4209; x_wconf 90' lang='lat' dir='ltr'><strong>utriusque</strong></span> <span class='ocrx_word' id='word_1_337' title='bbox 658 4123 851 4188; x_wconf 82' lang='lat' dir='ltr'><strong>Testamenti</strong></span> <span class='ocrx_word' id='word_1_338' title='bbox 888 4122 1078 4208; x_wconf 87' lang='lat' dir='ltr'><strong>inquirerent</strong></span> <span class='ocrx_word' id='word_1_339' title='bbox 1113 4145 1233 4189; x_wconf 83' lang='lat' dir='ltr'><strong>causas.</strong></span> <span class='ocrx_word' id='word_1_340' title='bbox 1281 4123 1407 4190; x_wconf 88' lang='lat' dir='ltr'><strong>Deserti</strong></span> 
     </span>
    </p>
   </div>
   <div class='ocr_carea' id='block_1_4' title="bbox 256 4302 1411 4616">
    <p class='ocr_par' dir='ltr' id='par_1_4' title="bbox 305 4302 1408 4370">
     <span class='ocr_line' id='line_1_38' title="bbox 305 4302 1408 4370; baseline 0.003 -18"><span class='ocrx_word' id='word_1_341' title='bbox 305 4302 314 4333; x_wconf 94' lang='lat'>¹</span> <span class='ocrx_word' id='word_1_342' title='bbox 332 4302 361 4362; x_wconf 84' lang='lat' dir='ltr'><strong>ri,</strong></span> <span class='ocrx_word' id='word_1_343' title='bbox 372 4305 445 4365; x_wconf 65' lang='grc' dir='ltr'><strong><em>αὐτῷ,</em></strong></span> <span class='ocrx_word' id='word_1_344' title='bbox 453 4304 558 4353; x_wconf 88' lang='lat' dir='ltr'><strong>omitted</strong></span> <span class='ocrx_word' id='word_1_345' title='bbox 566 4305 600 4369; x_wconf 85' lang='lat' dir='ltr'><strong>by</strong></span> <span class='ocrx_word' id='word_1_346' title='bbox 607 4304 651 4354; x_wconf 81' lang='lat' dir='ltr'><strong>Gn.</strong></span> <span class='ocrx_word' id='word_1_347' title='bbox 660 4304 710 4353; x_wconf 85' lang='lat' dir='ltr'><strong>and</strong></span> <span class='ocrx_word' id='word_1_348' title='bbox 717 4304 804 4354; x_wconf 77' lang='lat' dir='ltr'><strong>Mass,</strong></span> <span class='ocrx_word' id='word_1_349' title='bbox 857 4305 969 4368; x_wconf 77' lang='grc' dir='ltr'><strong><em>εὑρήσεις,</em></strong></span> <span class='ocrx_word' id='word_1_350' title='bbox 980 4306 1130 4370; x_wconf 76' lang='lat' dir='ltr'><strong>embodyiug</strong></span> <span class='ocrx_word' id='word_1_351' title='bbox 1140 4306 1183 4354; x_wconf 88' lang='lat' dir='ltr'><strong>the</strong></span> <span class='ocrx_word' id='word_1_352' title='bbox 1190 4305 1316 4369; x_wconf 79' lang='lat' dir='ltr'><strong>following</strong></span> <span class='ocrx_word' id='word_1_353' title='bbox 1327 4306 1408 4355; x_wconf 79' lang='lat' dir='ltr'><strong>letter.</strong></span> 
     </span>
    </p>

    <p class='ocr_par' dir='ltr' id='par_1_5' title="bbox 305 4383 1411 4451">
     <span class='ocr_line' id='line_1_39' title="bbox 305 4383 1411 4451; baseline 0.005 -20"><span class='ocrx_word' id='word_1_354' title='bbox 305 4383 391 4433; x_wconf 72' lang='lat' dir='ltr'><strong>2Vol.</strong></span> <span class='ocrx_word' id='word_1_355' title='bbox 405 4398 423 4435; x_wconf 90' lang='lat'><strong>1.</strong></span> <span class='ocrx_word' id='word_1_356' title='bbox 437 4402 462 4449; x_wconf 94' lang='lat' dir='ltr'><strong>p.</strong></span> <span class='ocrx_word' id='word_1_357' title='bbox 474 4385 529 4445; x_wconf 77' lang='lat'><strong>362.</strong></span> <span class='ocrx_word' id='word_1_358' title='bbox 905 4386 990 4437; x_wconf 79' lang='lat' dir='ltr'><strong>⁴Non</strong></span> <span class='ocrx_word' id='word_1_359' title='bbox 1006 4395 1063 4436; x_wconf 81' lang='lat' dir='ltr'><strong>sont</strong></span> <span class='ocrx_word' id='word_1_360' title='bbox 1079 4387 1193 4437; x_wconf 77' lang='lat' dir='ltr'><strong>conversi.</strong></span> <span class='ocrx_word' id='word_1_361' title='bbox 1228 4387 1355 4451; x_wconf 85' lang='lat' dir='ltr'><strong>Interpres</strong></span> <span class='ocrx_word' id='word_1_362' title='bbox 1370 4391 1411 4437; x_wconf 81' lang='grc' dir='ltr'><strong>οὐκ</strong></span> 
     </span>
    </p>

    <p class='ocr_par' dir='ltr' id='par_1_6' title="bbox 256 4463 1411 4616">
     <span class='ocr_line' id='line_1_40' title="bbox 305 4463 1411 4532; baseline 0.004 -19"><span class='ocrx_word' id='word_1_363' title='bbox 305 4463 432 4515; x_wconf 63' lang='lat' dir='ltr'><strong>‘Curam</strong></span> <span class='ocrx_word' id='word_1_364' title='bbox 445 4467 556 4517; x_wconf 69' lang='lat' dir='ltr'><strong>inmas.</strong></span> <span class='ocrx_word' id='word_1_365' title='bbox 581 4466 809 4532; x_wconf 83' lang='lat' dir='ltr'><strong>Possiblyalsoths</strong></span> <span class='ocrx_word' id='word_1_366' title='bbox 858 4469 1005 4531; x_wconf 70' lang='grc' dir='ltr'><strong><em>ἐτράπησαν,</em></strong></span> <span class='ocrx_word' id='word_1_367' title='bbox 1019 4469 1124 4517; x_wconf 90' lang='lat' dir='ltr'><strong>debebat</strong></span> <span class='ocrx_word' id='word_1_368' title='bbox 1135 4473 1246 4518; x_wconf 83' lang='lat' dir='ltr'><strong>vertera:</strong></span> <span class='ocrx_word' id='word_1_369' title='bbox 1262 4469 1411 4518; x_wconf 73' lang='lat' dir='ltr'><strong>menoni-</strong></span> 
     </span>
     <span class='ocr_line' id='line_1_41' title="bbox 256 4547 1232 4616; baseline 0.003 -22"><span class='ocrx_word' id='word_1_370' title='bbox 256 4547 391 4595; x_wconf 85' lang='lat' dir='ltr'><strong>translator</strong></span> <span class='ocrx_word' id='word_1_371' title='bbox 415 4549 473 4596; x_wconf 82' lang='lat' dir='ltr'><strong>read</strong></span> <span class='ocrx_word' id='word_1_372' title='bbox 497 4550 590 4612; x_wconf 71' lang='grc' dir='ltr'>εὑρήσει</span> <span class='ocrx_word' id='word_1_373' title='bbox 617 4552 755 4613; x_wconf 76' lang='grc' dir='ltr'>συμφώνους</span> <span class='ocrx_word' id='word_1_374' title='bbox 781 4566 808 4616; x_wconf 78' lang='lat' dir='ltr'><strong>as</strong></span> <span class='ocrx_word' id='word_1_375' title='bbox 858 4565 924 4598; x_wconf 79' lang='lat' dir='ltr'><strong>mam</strong></span> <span class='ocrx_word' id='word_1_376' title='bbox 941 4550 1095 4613; x_wconf 69' lang='lat' dir='ltr'><strong>appulerant,</strong></span> <span class='ocrx_word' id='word_1_377' title='bbox 1129 4549 1232 4598; x_wconf 68' lang='lat' dir='ltr'><strong>Garun.</strong></span> 
     </span>
    </p>
   </div>
   <div class='ocr_carea' id='block_1_5' title="bbox 0 0 1527 4994">
    <p class='ocr_par' dir='ltr' id='par_1_7' title="bbox 0 0 1527 4994">
     <span class='ocr_line' id='line_1_42' title="bbox 0 0 1527 4994; baseline 0 0"><span class='ocrx_word' id='word_1_378' title='bbox 0 0 1527 4994; x_wconf 95' lang='lat' dir='ltr'><strong> </strong></span> 
     </span>
    </p>
   </div>
  </div>
 </body>
</html>
