3000 4994
272 335 339 402 494
753 348 783 402 s.
808 346 958 399 lunnlffl

274 517 333 590 τῆς
364 507 525 590 ιἰληθείας,
560 505 614 578 καί
648 507 698 595 τῷ
731 504 835 604 φόβῳ
869 506 1042 605 καθαίρων,
1079 504 1132 575 καί
1172 500 1432 604 παρασκευάζων

275 619 404 721 καρπόν
423 617 547 720 όίριμον
566 619 691 718 φέρειν.

785 920 930 986 XXIX.

359 1113 432 1186 Ἴδε
470 1116 585 1192 κόκκος
620 1113 781 1191 σινάπεως
815 1111 867 1184 διὰ
903 1116 1103 1213 παραβολῆς
1136 1111 1342 1198 δεικνύμενος,
1377 1112 1430 1184 καί

276 1229 386 1321 λόγον
414 1226 605 1328 ένουρόνιον,
632 1228 829 1328 σπέρματος
863 1223 951 1309 δίκην
975 1229 1011 1298 έν
1040 1225 1164 1317 κόσμῳ,
1191 1229 1232 1306 oio
1260 1229 1295 1298 έν
1325 1227 1430 1326 ἆγρῷ,

277 1341 504 1442 σπειρόμενον,
522 1341 661 1438 ἔχοντος
682 1341 717 1411 έν
735 1341 841 1431 &aurp
862 1337 906 1412 τδ
926 1336 1087 1439 πνῤῥακές
1108 1339 1163 1411 καί
1187 1338 1358 1440 αὖστηρδν
1374 1347 1431 1422 τῆς

278 1451 447 1537 δυνόμεως.
476 1452 605 1554 Κριτης
625 1450 693 1553 γὰρ
712 1457 775 1525 τοῦ
798 1450 924 1530 παντός
943 1453 1073 1536 κόσμου
1088 1453 1303 1552 έκηρόσσετο·
1334 1451 1431 1529 οὗτος

278 1567 312 1637 έν
342 1569 385 1660 τῇ
421 1565 538 1667 καρδίᾳ
574 1573 633 1649 τῆς
664 1574 733 1659 γῆς,
769 1564 803 1637 έν
835 1561 969 1661 χείματι
1007 1565 1147 1666 κρνβεὶς,
1178 1565 1233 1636 καί
1264 1566 1431 1666 τριημέρῳ

278 1681 444 1773 μέγιστον
469 1677 601 1780 δένδρον
624 1678 795 1772 γεννηθεὶς,
820 1677 961 1772 ἐξέτεινε
982 1678 1060 1756 τοὺς
1085 1679 1203 1751 ἑαυτοῦ
1223 1676 1366 1756 κλόδονς
1390 1681 1431 1754 είς

279 1789 324 1863 τὰ
342 1792 475 1892 πέρατα
493 1800 551 1875 τῆς
566 1799 635 1886 γῆς.
673 1791 740 1862 Ἐκ
754 1792 877 1864 τούτου
892 1791 1131 1891 προκόψαντος
1145 1793 1179 1862 οἱ
1189 1788 1432 1863 δόδεκαἈπό-

280 1911 414 1988 στολοι,
434 1902 551 1976 κλάδοι
579 1908 692 2003 ω’ραΐοι
718 1904 772 1977 καί
792 1904 938 1983 εὐθαλεῖς
962 1904 1161 1996 γενηθέντες,
1185 1904 1292 1986 σκέπη
1320 1905 1432 1996 ἐγενη-

280 2020 386 2097 θησαν
419 2026 491 2094 τοῖς
526 2018 660 2101 ἔθνεσιν,
693 2021 733 2093 ὡς
771 2027 933 2094 πετεινοῖς
963 2017 1108 2116 οὖρανοῦ,
1142 2018 1201 2117 ὑφ’
1231 2016 1275 2088 ὧν
1302 2015 1433 2089 κλιίδων

280 2129 525 2206 σκεπασθένπες
556 2131 590 2200 oi
618 2130 748 2213 πόντες,
776 2133 816 2206 uir
847 2129 944 2229 ὄρνεα
972 2126 1038 2201 δπδ
1065 2127 1184 2201 καλιὰν
1213 2132 1430 2214 συνελθόντα,

279 2241 471 2328 μετέλαβον
499 2248 557 2324 τῆς
588 2238 627 2336 ἐξ
655 2243 760 2315 αὐτῶν
789 2241 1035 2342 προερχομένης
1061 2240 1218 2326 ἐδωδίμου
1243 2242 1297 2312 καί
1336 2245 1434 2314 ἕπου·

276 2354 391 2454 ρανίου
409 2360 549 2455 τροφῆς.

275 2632 426 2712 voritatis,
450 2640 483 2698 et
502 2639 589 2697 metu
607 2629 731 2696 incusso
750 2649 897 2717 purgans,
912 2649 1087 2717 putansque
1109 2631 1150 2695 ad
1170 2629 1337 2697 ferendum
1355 2633 1433 2698 fruo

275 2743 345 2801 tum
359 2734 589 2822 tempestivum.

112 2952 163 2994 Lu,
172 2953 216 2993 ,m¹
226 2954 254 2997 u
341 2920 487 2988 XXIX.
510 2919 596 2986 Vide
609 2927 716 2986 autem
730 2940 786 3007 por
800 2939 934 3006 granum
948 2918 1093 3006 sinapeos
1107 2918 1139 2983 in
1151 2919 1299 3006 parabola
1313 2922 1432 3010 signifi-

276 3024 340 3091 cari
351 3032 384 3091 et
398 3023 557 3090 ooelestsm
569 3022 755 3102 doctrinam,
768 3022 802 3086 in
812 3022 872 3088 hoo
883 3022 1008 3102 mundo,
1020 3030 1170 3111 tanquam
1183 3023 1217 3088 in
1230 3045 1320 3112 agro,
1337 3026 1434 3092 instur

276 3127 404 3193 seminis
417 3134 531 3206 satam,
544 3126 608 3192 vim
623 3126 748 3213 igneam
762 3133 858 3212 atquo
872 3134 1030 3192 austeram
1045 3126 1079 3191 in
1093 3148 1128 3193 se
1142 3127 1295 3193 habentis.
1322 3129 1433 3195 Totius

277 3229 361 3295 enim
385 3228 493 3294 muudi
515 3229 614 3314 judox
637 3228 858 3296 annuntiatur:
882 3229 936 3317 qui
961 3229 994 3295 iu
1017 3230 1110 3297 sorde
1132 3238 1224 3296 tsrrae
1253 3230 1287 3295 in
1313 3232 1433 3299 tumulo

277 3331 451 3397 occultatus
473 3331 567 3396 tridui
595 3333 707 3418 spatio,
735 3333 768 3398 in
792 3333 964 3399 maximam
988 3335 1131 3400 arborem
1156 3333 1306 3414 exerevit,
1331 3357 1433 3402 ramos

277 3456 351 3501 suos
362 3436 403 3501 ad
418 3442 575 3501 extremos
595 3443 686 3501 terrae
706 3437 785 3502 fines
805 3437 1005 3524 protendens.
1050 3438 1103 3503 Ex
1122 3438 1175 3504 illo
1190 3438 1433 3526 propullulantes

277 3538 438 3605 duodecim
455 3538 611 3627 Apostoli,
626 3541 705 3605 rami
720 3539 822 3606 floridi
839 3549 936 3626 atque
953 3542 1064 3607 uberes
1084 3541 1169 3622 faeti,
1190 3542 1350 3629 gentibus,
1374 3565 1432 3611 non

274 3664 367 3709 seous
386 3665 424 3710 ao
441 3643 617 3709 volueribus
634 3642 716 3722 coeli,
731 3650 859 3730 tegmen
877 3645 1055 3730 praebuere:
1080 3644 1193 3731 quibua
1213 3645 1312 3712 ramis
1326 3668 1432 3713 omues

277 3747 464 3827 obumbrati,
480 3755 631 3834 tanquam
648 3747 789 3812 volueres
810 3746 844 3810 in
865 3746 974 3811 nidum
994 3746 1186 3835 congregati,
1202 3748 1279 3833 ejus,
1302 3772 1376 3838 quaa
1396 3750 1433 3816 ab

277 3850 338 3915 illis
366 3851 581 3937 promanabat,
615 3850 710 3916 lautae
745 3871 783 3916 ao
813 3849 950 3916 eoelestis
980 3850 1135 3918 alimoniae
1150 3852 1337 3939 ¹participes
1364 3860 1434 3922 sunt

255 3953 362 4019 iacti.

327 4191 434 4241 XXIX.
476 4191 545 4242 First
559 4192 640 4242 odited
655 4193 681 4242 iu
700 4192 776 4242 Latin
793 4193 828 4257 by
879 4192 952 4254 coll,
973 4193 1092 4243 andalao
1108 4195 1141 4258 by
1162 4193 1201 4243 Dr
1218 4196 1337 4247 Cum
1356 4198 1383 4248 in
1399 4199 1435 4248 hir

278 4274 394 4333 Goannn,
435 4272 580 4323 afterwards
616 4274 643 4322 in
679 4274 763 4323 Greek
794 4275 829 4339 by
881 4276 1015 4327 θαμυαου
1029 4276 1055 4326 S.
1070 4275 1151 4327 Luke.

278 4355 373 4404 unm
383 4354 448 4404 from
460 4353 522 4405 cod.
539 4357 608 4420 1879,
627 4356 669 4407 fob
686 4371 739 4422 139,
758 4357 829 4407 Paris
