3000 4994
422 345 620 400 Pnoulsffls
642 344 876 400 POTITURUM.
1155 330 1221 395 415

69 501 217 568 Atratum.
264 503 326 568 Sed
348 509 381 569 et
403 502 576 588 Apostolus
595 502 639 568 ait
661 503 694 569 in
714 524 752 568 ea
773 525 843 589 quae
863 503 966 568 estad
987 501 1136 567 Galatas:
1167 499 1224 585 Vas
1266 515 1354 556 mov.

1264 563 1331 603 xxxii.
1339 564 1358 602 Ω.

69 615 180 682 autem,
187 605 319 689 fratros,
331 607 492 672 secundum
504 607 599 671 Isaac
609 606 849 693 repromissionis
854 606 923 688 filii
935 603 1029 670 ¹cstm.
1052 604 1097 668 Et
1108 603 1221 667 iterum
1235 609 1387 695 ⁰3)ng-

69 710 234 775 manifeste
249 711 281 774 in
301 711 410 776 eadem
427 711 482 787 ait,
498 732 553 776 eos
573 710 626 794 qui
649 710 681 774 in
703 709 829 774 Christo
847 708 1043 774 crediderunt
1063 705 1223 792 percipere
1236 702 1383 787 22¹2-

71 811 242 890 Obristum,
259 814 397 879 Abrahae
411 814 658 899 promissionem,
673 813 720 878 sic
741 812 867 878 dicens:
891 811 1029 877 atrata
1049 811 1140 876 dictus
1153 818 1224 874 sunt
1235 811 1358 898 gfflffi

63 917 286 1002 promissiones,
303 925 331 981 ot
351 917 460 980 semini
482 917 555 1001 ejus.
598 916 644 981 Et
661 937 720 980 non
741 916 828 994 dicit,
845 925 873 980 rt
892 915 1063 989 seminibus,
1078 914 1168 1000 quasi
1185 912 1224 977 ds

69 1018 182 1094 multis,
204 1019 259 1082 md
280 1020 372 1104 quasi
397 1018 436 1083 dr
460 1041 529 1096 nno,
553 1027 581 1083 ct
605 1019 713 1083 semini
736 1028 795 1095 tuo,
811 1017 894 1103 quod
917 1026 960 1082 cst
984 1017 1133 1082 Christus.
1179 1015 1224 1080 Et

69 1119 182 1185 iterum
197 1121 385 1185 confirmans
407 1142 476 1207 quae
498 1120 584 1186 dicta
600 1128 684 1198 sunt,
699 1120 763 1184 ait:
791 1120 1048 1198 Quemadmodum
1061 1117 1224 1182 Abraham
1236 1128 1381 1169 ⁰¹¹·1110-0·

69 1221 203 1286 credidit
226 1222 302 1298 Dm,
319 1231 347 1286 ct
366 1223 544 1308 deputatum
566 1231 607 1286 cst
627 1223 656 1286 si
676 1222 722 1286 ad
737 1221 907 1306 justitium.
946 1221 1125 1307 Oopnoscitis
1145 1242 1223 1305 cryc,

70 1325 214 1410 quantum
235 1325 358 1410 quidem
373 1326 428 1411 qui
442 1326 550 1407 erfida
564 1334 643 1401 sunt,
659 1325 687 1389 ii
697 1324 844 1406 suutfitii
858 1322 1006 1389 Atratum.
1050 1323 1225 1388 Providens

70 1436 173 1492 autem
187 1428 364 1514 Scriptura,
380 1429 455 1514 quia
473 1451 510 1492 eu
518 1429 587 1510 fids
592 1428 748 1514 justificat
766 1436 868 1513 pontes
888 1428 983 1505 Deus,
992 1426 1224 1513 praenuntiavit

71 1528 219 1607 Atratum,
234 1532 309 1616 quia
324 1529 538 1596 benedicantur
553 1532 587 1594 in
608 1540 637 1596 ta
652 1552 750 1596 omnes
762 1540 873 1617 prutcs.
920 1531 1032 1617 Itaque
1046 1532 1102 1617 qui
1115 1530 1224 1611 cnfido

69 1641 149 1710 sunt,
165 1632 375 1698 benedicantur
389 1633 556 1715 cumfidcli
569 1632 741 1699 Atratum.
779 1633 833 1698 Sic
847 1655 923 1720 ergo
938 1633 992 1720 qui
1007 1643 1082 1698 sunt
1095 1655 1135 1697 ex
1150 1631 1222 1709 fide,

70 1734 293 1800 benedicentur
306 1756 378 1800 cum
392 1734 476 1801 fideli
491 1735 666 1811 Abraham,
681 1743 714 1800 et
729 1735 761 1799 bi
780 1744 855 1799 sunt
869 1735 924 1799 iiiii
940 1735 1114 1800 Abrabam.
1161 1735 1223 1798 Re·

70 1837 212 1923 promisit
225 1846 332 1903 autem
352 1838 441 1903 Deus
459 1837 676 1903 haereditatem
696 1845 788 1902 terrae
804 1838 945 1903 Abrahae
959 1847 993 1903 et
1006 1837 1119 1903 semini
1133 1838 1220 1922 ejus:

70 1947 104 2004 st
121 1960 222 2025 neque
237 1939 400 2004 Abraham
415 1961 515 2026 neque
529 1960 637 2006 samen
658 1941 737 2028 ejus,
752 1940 813 2006 hoc
832 1938 950 2026 estqui
970 1962 1011 2004 err
1030 1940 1092 2004 tide
1107 1939 1224 2026 justifi-

70 2050 190 2122 cantur,
206 2064 289 2110 nunc
303 2051 432 2108 sumunt
445 2043 478 2108 in
492 2065 530 2108 ea
547 2044 782 2110 haereditatem:
805 2045 961 2131 accipient
982 2053 1088 2110 autem
1106 2065 1176 2110 eam
1191 2045 1224 2109 in

70 2146 294 2211 resurrectione
305 2147 471 2233 justorum.
520 2146 626 2212 Verus
640 2148 724 2212 enim
739 2156 771 2213 et
789 2148 897 2212 firmus
917 2148 1024 2213 Deus:
1049 2155 1081 2212 et
1096 2156 1225 2235 propter

71 2249 131 2314 hoc
146 2248 243 2314 brutos
254 2249 378 2315 dicebat
392 2251 485 2329 mites,
501 2251 645 2336 quoniam
660 2251 723 2337 ipsi
735 2250 961 2316 hartmutum
975 2261 1102 2316 terram.
1238 2263 1297 2304 nau
1306 2276 1325 2302 v·
1334 2267 1352 2303 s

499 2584 601 2651 OAP.
624 2583 809 2650 XXXIII.

71 2742 312 2843 Propositum
325 2744 518 2842 confirmat
525 2739 833 2842 promissionibus
844 2739 901 2833 iis,
918 2738 1048 2841 quibus
1060 2739 1226 2816 Christum

148 2887 184 2937 sc
200 2860 247 2937 de
261 2860 494 2960 penetratione
510 2860 595 2936 uitis
611 2859 652 2935 in
668 2885 779 2957 rayno
791 2857 924 2934 Patris
937 2857 1138 2933 bibiturum
1152 2884 1225 2932 esse

148 2978 313 3078 ’recepit
336 2977 447 3054 simut
476 2991 508 3053 et
531 2976 734 3054 mercedem
757 2976 974 3076 centuplam,
998 2989 1031 3051 ct
1050 2973 1225 3075 prandia

141 3095 339 3196 promisit:
365 3093 464 3196 quod
481 3109 512 3170 et
529 3096 632 3194 lanpc
649 3108 760 3170 antea
778 3091 979 3169 benedictio
995 3093 1115 3169 Jacob
1130 3120 1224 3194 pra-

148 3212 334 3311 sipnarct;
361 3212 418 3287 uti
432 3212 585 3312 Papias
602 3225 634 3287 ct
651 3210 823 3287 Seniores
838 3224 921 3287 sunt
940 3208 1184 3310 interpretati.

74 3399 106 3462 1.
152 3396 312 3460 Puorrun
333 3395 393 3460 hoc
413 3403 520 3461 autem
538 3395 580 3460 ad
601 3395 778 3481 passionem
800 3395 936 3473 veniens,
952 3401 988 3460 ut
1002 3394 1226 3482 evangelisaret

74 3497 225 3573 Abrahae,
241 3504 274 3561 et
289 3496 328 3561 iis
349 3496 403 3583 qui
425 3517 497 3560 cum
518 3517 566 3576 eo,
581 3497 774 3581 apertionem
794 3497 999 3574 baereditatis,
1015 3519 1086 3562 cum
1107 3497 1227 3581 gratias

74 3600 191 3686 egisset
213 3608 325 3665 tenens
349 3598 488 3676 calicem,
503 3607 536 3665 et
562 3599 693 3666 bibisset
717 3601 758 3665 ab
778 3622 826 3679 eo,
842 3608 875 3665 et
896 3599 1033 3665 dedisset
1055 3598 1224 3682 discipulis,

74 3702 199 3767 dicebat
213 3703 279 3767 eis:
304 3701 409 3766 Bidita
423 3723 460 3766 cc
474 3725 507 3766 ro
520 3723 628 3769 omncs.
671 3701 736 3767 Hic
750 3713 791 3769 rat
804 3702 929 3789 sunpuis
942 3723 1025 3766 mous
1035 3701 1105 3764 noui
1123 3700 1225 3765 Tasta·
1237 3726 1359 3817 Qui*

74 3806 177 3882 menti,
192 3805 317 3892 quipro
330 3804 434 3869 inultis
447 3805 622 3888 cffmrdstur
636 3804 671 3869 in
685 3806 888 3871 communem
896 3813 1103 3890 peccatorum.
1146 3802 1226 3867 Dico
1308 3799 1313 3810 '

74 3918 175 3973 autem
193 3909 283 3988 audis,
299 3931 320 3974 a
335 3909 421 3974 niodo
441 3930 501 3974 non
521 3906 621 3973 didam
633 3910 688 3974 δάε
706 3909 902 3995 praecatione
923 3908 996 3972 citis
1016 3907 1116 3992 hujus,
1133 3928 1226 3993 usqua

74 4011 108 4074 in
123 4011 203 4075 a’icm
218 4011 316 4086 ilium,
331 4011 453 4097 quando
467 4011 555 4075 illum
569 4009 669 4075 niam
684 4011 831 4076 uobiscum
843 4030 951 4073 nouum
965 4009 1000 4072 in
1014 4029 1105 4093 repro
1114 4008 1227 4073 Patris

72 4114 143 4178 mai.
190 4113 311 4199 Utique
334 4114 552 4180 baereditatem
582 4123 674 4180 terroe
706 4113 773 4201 ipse
799 4111 936 4189 novabit,
964 4120 996 4177 et
1021 4111 1226 4199 reintegrabit

123 4320 132 4351 ¹
151 4320 182 4370 G.
207 4321 236 4370 T.
256 4320 322 4380 ἡμεῖς
342 4321 420 4382 ἐσμεν,
440 4336 468 4369 ss
490 4320 534 4369 the
551 4318 623 4378 Srs,
725 4315 926 4378 'Irenoeuslcpr't
935 4317 962 4366 ts
973 4318 1017 4366 rod
1026 4317 1175 4379 γεννήματος
1183 4318 1227 4377 τῆς

72 4402 120 4450 but
130 4402 173 4450 the
189 4401 262 4451 lusu.
275 4417 304 4450 as
316 4402 408 4461 above;
426 4400 476 4450 and
492 4415 561 4449 some
576 4399 625 4447 few
678 4400 788 4458 ἀμπέλου
802 4399 898 4457 ratam,
909 4397 1012 4459 perinde
1021 4405 1048 4448 ut
1060 4397 1142 4448 Onu.
1156 4399 1225 4448 Pau.

74 4487 157 4535 Greek
169 4485 246 4536 MSS.
258 4487 322 4535 bave
335 4485 405 4544 turta.
675 4490 706 4530 11.
720 4494 742 4540 a,
757 4496 781 4544 p.
793 4479 845 4540 158.
875 4479 978 4530 Gaias.

123 4565 135 4597 ¹
151 4569 266 4627 Πώμσον
278 4569 392 4628 drsrxsr,
404 4566 444 4616 for
455 4565 586 4624 ὑπέσχετο.
1014 4635 1057 4701 26
1109 4646 1127 4698 Q
