3000 4994
587 359 762 415 ROMANA.
1211 348 1251 411 ll

95 522 279 594 ἆνανεοΰσα
295 522 356 604 τήν
374 521 493 593 πίστιν
512 521 626 605 αι’κτῶν,
646 520 701 592 καὶ
722 515 1050 627 ι[ιίναγγὲλλονσα]
1073 522 1109 606 ἣν
1136 522 1253 595 νεωστὶ
1289 536 1390 623 lffill·

96 634 165 708 ἆτδ
183 639 253 707 τῶν
267 634 500 707 Ἀτοστόλων
519 631 708 734 παράδοσιν
726 636 909 734 εἰλήφει
1275 629 1410 717 ffisgffilf

1317 723 1344 762 itt
1354 725 1373 762 3.

94 862 286 928 annuntians
304 884 399 950 quam
427 863 460 927 in
481 862 598 929 recenti
618 863 659 928 ab
680 862 841 949 Apostolis
860 838 1023 950 acceperat
1043 862 1252 943 traditionem,
1265 887 1295 976 ii

94 967 335 1032 annuntiantem
347 990 444 1032 unum
457 967 561 1032 Deum
573 967 843 1052 'omnipotentem
859 968 1007 1032 factorem
1022 966 1092 1031 coeli
1107 975 1140 1031 et
1152 975 1252 1043 terrae,
1266 959 1296 1062 233
1305 977 1334 1021 ⁴⁷·

95 1071 317 1157 plasmatorem
340 1071 483 1149 hominis,
504 1070 557 1157 qui
576 1070 731 1135 induxerit
750 1070 982 1157 cataclysmum,
1005 1078 1038 1135 et
1059 1070 1253 1135 advocaverit
1266 1052 1296 1154 {ll

97 1171 273 1249 Abraham,
289 1171 341 1259 qui
357 1172 498 1237 eduxerit
513 1171 660 1258 populum
684 1172 724 1236 de
745 1180 829 1236 terra
843 1173 990 1258 AEgypti‚
1013 1172 1066 1258 qui
1085 1171 1255 1238 collocutus
1269 1163 1337 1254 llll·

96 1275 139 1340 sit
155 1275 273 1362 Moysi,
298 1276 351 1363 qui
371 1276 472 1362 legem
486 1275 682 1362 disposuerit,
700 1284 733 1340 et
751 1276 918 1361 prophetas
937 1275 1066 1353 miserit,
1082 1275 1135 1363 qui
1151 1277 1256 1362 ignem

97 1378 318 1466 praeparaverit
347 1378 469 1443 diabolo
498 1387 531 1443 et
559 1377 678 1465 angelis
705 1377 783 1462 ejus.
845 1376 942 1442 Hunc
970 1377 1099 1441 Patrem
1128 1378 1298 1443 Dominis.

98 1481 197 1547 nostri
213 1481 294 1546 Jesu
307 1480 423 1546 christi
438 1482 479 1546 ab
500 1479 637 1546 ecclesiis
651 1479 838 1558 annuntiari,
863 1501 903 1543 ex
927 1479 995 1565 ipsa
1008 1479 1187 1565 ³scriptura,
1204 1482 1256 1567 qui
1389 1482 1393 1493 ’

99 1583 195 1648 velint
218 1584 337 1648 discere
351 1590 492 1668 possunt,
508 1590 541 1647 et
555 1582 757 1668 apostolicam
773 1581 923 1647 Ecclesiae
945 1582 1144 1647 traditionem
1167 1584 1257 1648 intel·
1269 1609 1298 1646 ο.

100 1686 206 1774 ligere,
240 1708 312 1752 oum
336 1685 379 1749 sit
402 1684 552 1750 vetustior
574 1684 706 1771 epistola
728 1684 777 1748 his
799 1685 851 1772 qui
874 1707 956 1750 nunc
978 1685 1056 1750 falso
1078 1686 1202 1765 docent,
1225 1697 1258 1753 et

99 1789 235 1854 alterum
250 1788 354 1852 Deum
368 1808 462 1874 super
477 1787 683 1875 Demiurgum
697 1796 730 1853 et
745 1788 894 1853 factorem
909 1787 1020 1853 horum
1035 1789 1173 1855 omnium
1187 1811 1258 1877 quae

100 1899 176 1955 sunt
189 1888 463 1957 commentiuntur.

47 2141 78 2180 m
183 2123 216 2190 3.
269 2099 342 2173 Τόν
376 2099 411 2171 δὲ
444 2100 628 2184 Κλήμεντα
660 2105 784 2173 τοῦτον
827 2097 1015 2196 διαδέχεται
1047 2097 1255 2200 Εὐάρεστος·

101 2216 156 2287 καὶ
186 2213 248 2288 τδν
273 2211 472 2314 Εὐάρεστον
493 2210 726 2312 Ἀλέξανδρος·
769 2212 825 2284 εἶθ’
851 2212 951 2292 οὕτως
974 2215 1068 2291 ἕκτος
1098 2213 1167 2284 ἆτδ
1192 2218 1258 2286 τῶν

104 2329 334 2400 Ἀτοστόλων
366 2327 571 2399 καθίσταται
604 2322 747 2403 Ξόστος·
788 2324 874 2410 μετὰ
908 2324 943 2397 δὲ
974 2333 1098 2398 τοῦτον
1126 2326 1257 2397 Τελεσ-

104 2443 221 2542 φόρος,
252 2441 286 2518 iic
314 2440 367 2512 rai
399 2438 534 2534 ἐνδόξως
564 2441 799 2538 ἐμαρτύρησεν·
838 2441 954 2510 ἔπειτα
986 2441 1150 2532 4Ὑγῖνος,
1183 2439 1256 2512 εἶτα

104 2556 202 2632 Πῖος·
237 2556 311 2638 μεθ’
341 2553 378 2625 δν
408 2552 592 2635 Ἀνίκητος·
632 2549 862 2646 διαδεξαμένου
894 2550 955 2624 τδν
981 2551 1158 2634 Ἀνίκητον
1186 2553 1257 2621 Σω-

103 2676 213 2769 τῆρος,
235 2673 286 2738 νῦν
303 2664 473 2757 δωδεκότῳ
491 2666 588 2756 τόπῳ
606 2664 667 2737 τδν
685 2668 744 2747 τῆς
764 2666 945 2747 ε’τισκοπῆς
969 2661 1038 2735 dod
1063 2669 1129 2735 τῶν
1146 2664 1257 2734 Ἀτο-

104 2784 241 2854 στόλων
265 2780 399 2877 κατέχει
423 2785 546 2879 κλῆρον
570 2779 779 2878 Ἐλεύθερος.
826 2778 881 2871 Τῇ
904 2779 989 2870 αὐτῇ
1011 2775 1107 2872 τόξει
1133 2776 1187 2848 καὶ
1213 2781 1257 2871 τῇ

104 2896 191 2990 οὔτῇ
225 2891 349 2990 διδαχῃΑ
383 2886 565 3000 [διαδοχῇ]
598 2890 618 2974 ii
645 2923 686 2963 τε
714 2889 784 2963 α’πδ
816 2896 882 2963 τῶν
916 2892 1122 2963 ἀποστόλων
1155 2892 1189 2961 ἐν
1215 2898 1262 2985 τῇ

167 3149 199 3213 3.
246 3144 333 3211 Huic
356 3152 462 3209 autem
491 3141 644 3209 Glementi
674 3140 813 3207 succedit
843 3140 1018 3218 Euaristus‚
1048 3149 1081 3207 et
1111 3142 1259 3209 Euaristo

105 3247 295 3325 Alexander,
310 3270 347 3313 ac
362 3247 507 3333 deinceps
520 3254 630 3311 sextus
644 3246 685 3310 ab
699 3244 861 3331 Apostolis
872 3245 1060 3311 constitutus
1074 3254 1122 3311 est
1139 3246 1258 3325 Sixtus,

104 3360 135 3417 et
147 3351 261 3417 abhoc
275 3349 492 3436 Telesphorus,
508 3347 560 3433 qui
575 3346 669 3412 etiam
682 3347 901 3434 gloriosissime
919 3347 1099 3433 martyrium
1117 3348 1204 3413 fecit:
1221 3371 1259 3414 ao

103 3454 250 3540 deinceps
269 3452 428 3540 Hyginus,
450 3461 521 3538 post
540 3452 626 3529 Pius,
646 3460 827 3536 postquem
847 3451 1012 3518 Anicetus.
1056 3452 1136 3517 Cum
1154 3460 1260 3517 autem

103 3556 305 3624 successisset
322 3554 460 3620 Aniceto
477 3555 578 3632 Soter,
594 3575 677 3618 nnnc
694 3553 878 3618 duodecimo
895 3553 964 3618 loco
980 3553 1205 3640 Episcopatum
1219 3556 1260 3621 ab

105 3659 268 3749 Apostolis
286 3659 381 3723 habet
399 3657 609 3722 Eleutherius.
655 3656 728 3721 Hac
746 3655 939 3720 ordinatione
957 3665 990 3720 et
1006 3657 1202 3722 successione
1223 3680 1261 3722 ea

104 3787 172 3851 quae
194 3772 246 3830 est
264 3763 305 3827 ab
322 3761 484 3847 Apostolis
499 3760 531 3824 in
544 3758 686 3825 Ecclesia
703 3758 828 3823 traditio
846 3766 878 3824 et
894 3757 1035 3824 veritatis
1055 3760 1260 3843 lpraeconatic

103 3865 242 3954 pervenit
256 3865 409 3950 usquead
423 3886 492 3930 nos.
537 3863 582 3928 Et
601 3870 650 3927 est
667 3860 848 3949 plenissima
864 3862 933 3927 haec
951 3861 1100 3938 ostensio,
1115 3883 1209 3925 unam
1227 3872 1260 3926 et

149 4103 543 4169 ldrowe'llouoaisiudicataed,
557 4120 585 4152 as
600 4103 658 4152 hav·
709 4099 791 4149 Cum.
814 4099 894 4159 Iton,
913 4098 955 4146 tho
975 4096 1073 4145 various
1095 4095 1211 4145 allusions
1234 4105 1261 4146 to

104 4190 145 4255 ing
155 4192 218 4240 been
231 4191 257 4238 in
270 4189 313 4238 the
324 4194 391 4237 texts
407 4186 468 4236 used
479 4187 567 4250 bytho
578 4192 658 4235 trann-
709 4181 789 4230 which
807 4196 848 4228 are
868 4179 944 4227 noted
963 4179 989 4226 in
1010 4178 1052 4226 tho
1069 4179 1174 4241 margin.
1208 4180 1261 4228 Tho

103 4270 205 4322 lutosos
219 4271 356 4330 Ianrvnos,
370 4268 419 4317 md
430 4269 464 4332 by
476 4268 616 4316 Rnrrruus
632 4267 659 4315 in
709 4263 805 4327 Epistle
825 4263 846 4311 is
865 4261 943 4309 found
960 4262 986 4309 in
1003 4260 1062 4308 Vol.
1077 4272 1117 4308 111.
1136 4278 1160 4325 p.
1176 4264 1215 4326 89,
1235 4266 1264 4311 of

104 4354 233 4417 rendering
244 4351 314 4400 these
326 4349 407 4399 words
418 4351 446 4399 ol
455 4349 599 4398 Eusasrus.
708 4343 861 4394 theeditor's
875 4343 968 4392 Vindex
981 4341 1049 4392 cart.
1073 4342 1125 4392 The
1138 4344 1225 4393 Pastor
1236 4348 1265 4394 os

149 4434 230 4485 ’Tne
242 4436 343 4484 01.an
355 4433 406 4481 and
417 4432 496 4482 Voss.
509 4431 586 4480 MSS.
596 4431 659 4480 omit
709 4431 817 4480 Hermos
829 4431 849 4478 is
861 4429 943 4493 styled
955 4430 971 4488 ἡ
982 4431 1074 4491 γραφή.
1100 4443 1137 4481 lv.
1151 4433 1235 4481 xxxiv.

105 4516 291 4580 omnipotentem.
757 4510 768 4543 ⁴
786 4511 830 4560 See
842 4511 900 4560 Vol.
915 4524 932 4559 1.
946 4528 969 4575 p.
984 4526 1039 4572 214,
1052 4528 1077 4561 u.
1091 4527 1113 4563 α.

148 4599 316 4666 ’Soeiptura
336 4595 441 4660 avritiap,
458 4595 475 4644 i.
483 4612 505 4645 a.
521 4594 617 4659 Epistlo
632 4594 661 4643 ol
757 4592 900 4644 5Βοενολ
914 4607 932 4644 1.
946 4611 970 4658 p.
984 4607 1024 4660 97,
1039 4611 1063 4643 n,
1076 4609 1098 4643 2.
