3000 4994
541 364 640 418 uuus
665 364 824 419 sucum.
1221 351 1263 416 25

107 538 170 583 non
184 517 444 605 quemadmodum
458 528 618 605 exponunt
635 519 677 597 hi,
693 518 795 584 dicere
814 541 886 583 eum
902 520 1025 584 ¹mundi
1039 519 1259 594 fabricatores:
1276 535 1427 622 Lolpmfflv'tit

107 621 162 685 sed
177 620 278 686 simile
292 630 340 686 est
354 621 384 686 ei
398 621 515 707 quoda
533 622 644 709 Moyse
658 622 776 687 dictum
792 630 859 687 est:
876 623 1061 708 Noofooios
1076 621 1133 688 tili
1148 646 1262 688 mocon
1287 611 1415 715 “AQJUfi

107 725 342 789 similitudines
356 727 391 789 ia
404 724 515 803 Deum,
531 748 713 813 quecunque
735 726 769 790 io
793 727 863 791 ooelo
885 748 1015 806 sorsom,
1038 737 1067 792 et
1080 750 1262 815 quaecuuque
1277 785 1337 824 „eut
1348 797 1368 824 v·
1376 788 1393 826 a

106 830 142 894 in
162 839 249 895 terro
267 829 415 907 deorsum,
431 840 460 894 et
477 853 660 917 quemcunque
677 832 712 895 s'o
731 832 822 918 cquis
840 830 894 896 sod
915 842 1011 897 terro.
1057 832 1134 913 Quae
1156 842 1262 897 autem
1276 831 1410 873 ”wlm-

107 931 140 995 in
154 931 234 996 coelo
249 940 333 1010 sunt,
350 954 419 1018 qnae
437 932 500 997 sint
515 933 581 1019 ipse
596 934 742 1020 exponit:
764 939 812 998 Ne
826 934 958 1020 quoodo,
974 933 1083 1020 inquit,
1099 935 1264 1020 respiciens

106 1037 142 1100 io
157 1036 273 1113 osclum,
296 1045 326 1101 et
339 1037 445 1101 videos
464 1038 553 1101 solem
575 1047 603 1103 et
621 1037 728 1102 locam
748 1048 776 1103 et
789 1039 899 1117 stallos,
917 1048 945 1103 et
959 1060 1042 1101 omae
1054 1049 1264 1103 ornamentum

108 1139 185 1216 ooels',
201 1161 311 1203 mons
322 1139 431 1203 odores
442 1162 477 1203 eo
494 1150 522 1204 et
535 1141 653 1205 servios
667 1142 720 1206 eis.
766 1141 810 1206 Et
826 1141 891 1226 ipse
906 1150 1011 1205 autem
1025 1140 1154 1226 Moyses
1169 1141 1262 1206 homo

58 1239 62 1243 ’
112 1245 170 1308 Dei
185 1243 349 1323 exsistens
364 1245 451 1309 Deus
465 1245 589 1331 quidem
601 1246 693 1310 datus
704 1255 752 1311 est
763 1254 836 1310 ante
846 1246 1063 1309 Pharaonem:
1082 1266 1144 1308 non
1156 1254 1261 1309 autem
1276 1264 1342 1304 suos.
1352 1263 1387 1304 vu
1396 1266 1414 1305 1.

107 1368 178 1411 vere
194 1346 348 1411 Dominus
362 1347 542 1432 appellatur,
559 1370 616 1413 nec
629 1348 717 1413 Deus
732 1357 891 1414 vocatura
905 1347 1073 1433 prophetis,
1090 1348 1145 1414 sed
1156 1349 1263 1431 fidelis
1275 1362 1327 1401 Heu
1337 1362 1365 1401 ffi-
1374 1365 1394 1409 ⁵·
1404 1369 1426 1403 et

107 1452 228 1536 Moyses
233 1450 379 1536 famulos
393 1461 421 1516 et
429 1473 533 1517 sernas
543 1452 616 1531 Dei,
632 1453 778 1518 dicituro
795 1453 922 1538 Spiritu,
939 1453 1022 1539 quod
1037 1462 1069 1517 et
1083 1462 1159 1518 erat.
1274 1408 1339 1448 ΝΜ
1348 1409 1410 1454 ’Μ’

584 1693 684 1759 ΟΑΡ.
712 1694 794 1760 VII.

110 1829 212 1920 Quid
233 1829 281 1905 sit
301 1829 398 1930 qood
423 1857 448 1906 o
469 1797 591 1906 Paulo
612 1830 760 1924 dicitur,
784 1832 836 1906 Io
856 1832 985 1932 quibus
1001 1833 1105 1908 Deus
1129 1831 1262 1908 melodi
1469 1856 1484 1884 ·

335 1951 441 2048 hujus
458 1950 649 2026 mcoecooit
665 1965 798 2026 mentes
815 1950 1030 2050 infidelium.

10 2166 88 2206 m,
175 2134 205 2197 1.
249 2133 348 2215 Quos>
363 2141 469 2198 autem
489 2133 607 2212 dicunt,
623 2142 730 2220 operte
752 2134 885 2199 Paulum
900 2135 931 2198 in
945 2134 1083 2199 secunda
1096 2134 1137 2198 ad
1153 2134 1262 2201 Gorin·

107 2236 192 2302 thius
222 2236 357 2302 dixisse:
396 2238 439 2301 Io
471 2237 581 2324 quidus
605 2238 690 2303 Deos
714 2239 819 2304 :omli
844 2240 935 2324 hujus
960 2241 1121 2304 eccoemnit
1154 2251 1262 2306 meotes
1275 2268 1403 2312 scotos

107 2339 299 2424 infidelium,-
323 2345 372 2405 ²et
394 2340 525 2405 altemm
543 2341 668 2428 quidem
688 2341 791 2406 Deum
814 2364 882 2407 esse
904 2342 1010 2408 saeculi
1031 2343 1124 2430 hujus
1143 2343 1260 2423 dicunt,

105 2441 238 2507 alterum
267 2464 340 2507 vero
366 2442 418 2529 qui
443 2443 485 2507 sit
509 2465 602 2528 super
623 2466 747 2509 omnem
772 2444 988 2531 principatum,
1013 2454 1046 2510 et
1072 2446 1204 2525 initium,
1228 2456 1262 2513 et

105 2554 295 2632 potestatem
310 2571 317 2611 :
340 2551 420 2611 ³non
438 2569 546 2611 sumus
564 2568 622 2611 nos
636 2546 668 2610 in
683 2569 787 2625 eausa,
802 2547 829 2611 si
847 2547 879 2610 hi
896 2548 949 2633 qui
964 2569 1033 2633 quae
1048 2570 1142 2632 super
1156 2548 1261 2612 Deum

105 2660 180 2714 sunt
197 2651 345 2736 mysteria
369 2650 449 2715 scire
469 2671 502 2715 se
524 2649 642 2729 dicunt,
665 2671 705 2714 ne
727 2650 851 2736 quidem
872 2649 974 2736 legere
990 2649 1123 2714 Paulum
1146 2651 1259 2716 sciunt.

107 2751 141 2816 si
163 2752 248 2818 enim
270 2754 339 2840 quis
360 2753 531 2819 secundum
547 2751 638 2817 Pauli
652 2753 917 2831 consuetudinem,
942 2753 1200 2839 quemadmodum
1219 2776 1260 2819 ex

107 2860 214 2927 multis
228 2870 261 2926 et
275 2862 363 2927 ⁴slibi
379 2861 572 2927 ostendimus
587 2861 766 2948 hyperbatis
780 2883 851 2926 eum
862 2870 1013 2938 utentem,
1023 2860 1068 2926 sic
1080 2860 1207 2948 legerit:
1225 2863 1261 2927 io

105 2965 216 3051 quidese
223 2967 319 3045 Deus,
329 2966 440 3033 deinde
451 2967 705 3053 subdistinguens
714 2975 746 3031 et
757 2965 912 3031 modicum
927 2966 1120 3031 diastematis
1131 2966 1258 3045 faciens,

106 3069 200 3135 simul
226 3079 259 3135 et
278 3070 311 3134 in
331 3092 428 3135 unum
449 3069 568 3156 reliqua
588 3068 708 3155 legerit,
731 3068 836 3133 seculi
857 3069 946 3153 hujus
967 3069 1130 3134 eocoesooit
1150 3080 1260 3135 meotes

105 3172 289 3256 confidelium,
312 3172 448 3238 inveniet
469 3194 596 3247 verum:
621 3178 657 3235 ut
679 3171 721 3235 sit
742 3171 825 3257 quod
847 3171 969 3251 dicitur,
992 3172 1077 3237 Deos
1099 3173 1261 3238 eocoecooo't

153 3364 229 3415 ¹i.e·.
254 3366 410 3424 κοσμοποιοὺς
432 3365 560 3426 ἀγγέλους.
605 3361 658 3412 The
706 3376 817 3425 responso
824 3377 879 3425 proe
890 3378 965 3411 omno
976 3361 1029 3423 m't,
1040 3361 1113 3425 hspes
1123 3362 1168 3411 oeoi
1177 3360 1260 3411 Domi·

103 3446 208 3511 reading
218 3446 332 3496 followed
343 3447 364 3496 is
375 3448 431 3496 that
442 3448 471 3495 of
484 3446 614 3495 Msssuuu
625 3462 658 3494 on
706 3459 774 3505 oum,
788 3445 920 3494 Diabolum
933 3445 1088 3508 intepretari
1101 3445 1144 3508 qui
1161 3445 1258 3506 dium,

104 3531 148 3579 the
158 3530 288 3594 authority
295 3530 324 3578 oi
331 3530 374 3579 the
386 3530 538 3589 Cuussttonr,
548 3531 656 3577 Auum
706 3527 829 3590 Propheta
839 3527 960 3589 refermus,
971 3528 1021 3577 Ero
1029 3527 1115 3575 similis
1123 3527 1256 3587 Altissimi,

104 3611 155 3660 sud
166 3611 255 3660 Maso.
268 3623 287 3660 1.
300 3610 377 3659 MSS.
402 3609 640 3672 Gusodricotmsm.
707 3609 751 3658 doc.
781 3607 1031 3657 Fuussuuuninhis
1043 3609 1260 3658 noteshewsthst

153 3691 165 3724 ¹
180 3693 352 3741 Taurunum
363 3709 428 3756 says,
441 3691 515 3741 Hono
527 3689 658 3755 (omhipus'·
707 3691 749 3739 the
760 3690 852 3738 former
862 3690 1053 3754 interpretation
1064 3691 1086 3739 is
1096 3690 1212 3739 followed
1225 3691 1260 3754 by

104 3772 188 3839 toton)
211 3772 327 3823 Marcion
357 3773 462 3836 captavit
490 3772 525 3822 ric
552 3770 656 3834 epodo,
707 3771 1260 3837 Chrysostom,Thsophylact,andtheGrcels

105 3857 138 3906 Iu
149 3857 240 3922 quibus
252 3856 322 3905 Deus
332 3856 381 3904 oevi
391 3856 472 3919 hujus,
487 3862 513 3903 at
526 3854 659 3904 θνεαῑοωη
707 3859 860 3913 annotatos-s,
874 3854 916 3902 the
926 3854 1001 3902 latter
1012 3854 1044 3917 by
1057 3853 1125 3917 Cyril
1136 3854 1186 3901 end
1196 3853 1258 3900 Am·

104 3939 229 3989 eamdem
239 3939 320 3989 Deum
337 3939 409 4002 hujus
425 3938 470 3988 oevi
488 3938 567 3986 olium
578 3952 658 4000 suyye·
709 3935 794 3997 brose;
813 3936 886 3984 while
904 3936 1041 3999 Augustin,
1059 3935 1196 3999 preferring
1215 3936 1258 3984 the

104 4021 232 4071 mnam
238 4021 339 4071 ausin
345 4021 396 4071 aui.
414 4022 567 4070 Tuumne,
577 4021 657 4069 More.
707 4019 804 4078 tormer,
820 4018 939 4066 indicates
958 4018 1010 4066 slso
1027 4018 1070 4066 the
1087 4017 1161 4065 latter
1171 4017 1260 4067 modus

104 4115 234 4166 v.11,see
251 4103 304 4152 also
323 4115 346 4166 5.
381 4103 431 4151 His
453 4107 581 4167 opponent
599 4101 658 4150 does
706 4098 891 4161 immadi.
926 4098 1096 4147 'l'herthers
1114 4115 1155 4147 ars
1171 4100 1260 4165 highly

104 4191 150 4235 not
159 4185 267 4236 exorciso
278 4201 294 4234 a
304 4185 507 4234 soundcriticism
518 4184 544 4232 in
553 4184 660 4247 alter-ing
707 4179 821 4229 valuable
831 4196 859 4228 ss
870 4180 1009 4243 exhibiting
1019 4180 1062 4228 the
1079 4181 1179 4243 general
1189 4198 1260 4232 sense

104 4269 148 4319 the
163 4268 339 4333 punctuation,
352 4267 404 4316 Nos
421 4272 505 4316 coum
521 4265 557 4315 sic
571 4265 658 4313 dutin-
708 4261 734 4309 in
745 4261 825 4309 which
835 4260 1260 4328 theGhurchOntholichesslways

102 4348 227 4413 pecodum
253 4347 365 4408 dicimus,
397 4347 430 4396 In
461 4347 551 4411 quibus
579 4346 656 4405 Deus,
708 4341 858 4391 understood
870 4340 1009 4406 Scriptum
1026 4343 1072 4391 but
1088 4359 1125 4391 we
1135 4350 1204 4394 must
1214 4354 1260 4397 not

105 4430 200 4492 dehinc,
214 4430 262 4480 essi
274 4429 349 4492 hujus
362 4429 497 4478 excecavit
510 4433 607 4477 mentes
623 4428 659 4476 in·
707 4428 795 4488 expect
806 4424 947 4488 unanimity
958 4425 984 4473 in
996 4426 1061 4474 their
1071 4427 1223 4490 expositions
1234 4429 1263 4478 oi

106 4513 224 4574 fidelium,
245 4512 343 4576 though
362 4512 393 4561 he
412 4510 580 4574 immediately
597 4509 662 4559 astsr
707 4507 842 4572 particular
852 4512 926 4557 texts.

107 4594 169 4644 adds
185 4611 201 4644 a
214 4600 285 4644 truer
301 4592 499 4657 interpretation,
512 4592 664 4657 Simplicium
758 4589 769 4623 ⁸
785 4592 827 4641 οὐκ
839 4592 911 4641 alrscl
922 4594 1000 4654 ἐσμεν.
1072 4592 1084 4624 ⁴
1101 4593 1145 4643 On.
1159 4592 1225 4643 aliia
