3000 4994
248 323 317 388 412
631 336 749 390 Locus
774 334 986 390 sruuruuu

113 509 203 597 effi·
247 491 516 570 transiissemus
529 498 626 555 οοοννι
640 491 762 568 monuit,
777 489 896 554 uicerit
917 491 961 553 ¹ot
981 486 1088 552 Filios
1109 486 1251 550 Hominis
1264 485 1299 548 io
1314 483 1407 547 eorde

83 603 232 691 “ffivffit
246 602 348 658 terroe.
394 591 458 657 Sed
472 598 505 657 et
521 592 694 677 Apostolus
708 591 771 656 uit:
796 591 946 657 Ascendit
966 599 1078 666 autent,
1094 590 1234 675 quidest,
1250 588 1313 652 cisi
1327 587 1404 673 qos'o

115 696 175 736 ¹¹¹¹·
186 699 202 736 ¹·
247 705 275 762 ot
300 697 451 761 descedit
473 696 526 760 2ι’νι
549 696 703 781 inferiore
727 693 846 761 terroe?
891 694 965 759 Hoc
987 702 1022 758 et
1045 693 1148 758 David
1175 693 1208 755 in
1232 713 1305 756 eum
1331 712 1404 775 pro·

81 808 231 897 {myst
245 801 378 887 phetone
401 799 500 864 dixit:
525 799 570 863 Et
592 799 737 884 mpoieti
762 799 900 864 animam
924 819 1020 861 meam
1044 819 1081 862 ee
1098 798 1219 882 inferno
1244 795 1403 880 insertor-i.

246 903 426 989 Resurgens
449 909 556 967 eutem
579 901 673 967 tertio
698 901 758 979 die,
782 910 816 966 et
840 899 954 965 Muriae
980 921 1052 986 quse
1077 922 1112 964 se
1138 899 1238 986 primu
1266 897 1343 961 vidit
1367 905 1404 962 et

79 1022 210 1068 sonmo
244 1006 384 1071 odoravit
413 1006 556 1071 dicebat:
591 1005 688 1070 8Noli
712 1026 759 1069 me
786 1014 917 1090 tongere,
940 1003 1074 1068 οωναιιοι
1100 1003 1180 1068 onim
1205 1000 1331 1066 mosidi
1355 1001 1405 1064 ad

245 1110 387 1188 Patron,
408 1110 463 1174 sod
482 1109 561 1175 eade
579 1109 626 1174 od
649 1107 823 1195 dheiptolos,
839 1116 868 1172 et
892 1107 943 1171 die
963 1107 1026 1172 eh:
1046 1105 1185 1170 Ascendo
1206 1104 1252 1170 od
1268 1104 1403 1169 Patrem

244 1231 352 1291 mcum,
369 1221 397 1276 ot
411 1213 543 1276 Patrem
556 1221 698 1277 esurum.
712 1282 714 1287 ,

311 1318 341 1380 2.
366 1315 400 1380 Si
415 1336 492 1402 ergo
503 1312 679 1379 ³Dominus
695 1313 797 1401 legem
813 1321 1004 1379 mortuorum
1020 1311 1164 1389 servavit,
1179 1318 1215 1375 ut
1231 1310 1319 1374 lieret
1336 1310 1401 1394 pri-

244 1417 451 1504 mogenitusu
464 1416 605 1495 mortuis,
615 1424 647 1481 et
658 1424 867 1482 commoratus
878 1438 976 1501 usque
987 1415 1036 1479 ⁴in
1048 1414 1174 1479 tertiam
1185 1413 1267 1477 diem
1278 1413 1311 1477 in
1321 1411 1401 1477 inie-

135 1602 142 1615 ι
243 1519 377 1585 rioribus
393 1529 493 1599 terrae,
503 1527 575 1606 post
589 1519 701 1585 deinde
715 1539 847 1606 surgens
861 1519 893 1582 in
908 1538 1010 1596 carue,
1026 1525 1062 1581 ut
1076 1515 1172 1581 etium
1186 1515 1322 1578 ⁵fixuros
1336 1514 1401 1580 eln-

244 1643 352 1686 vornm
367 1622 544 1688 ostenderet
558 1621 726 1707 discipulis,
741 1621 786 1686 sic
800 1620 941 1686 escendit
955 1620 996 1686 ad
1012 1620 1150 1696 Patrem,
1166 1617 1320 1706 quomodo
1335 1639 1401 1683 non

244 1725 482 1801 confundentur,
499 1723 551 1809 qui
567 1724 676 1789 dicunt
695 1724 827 1789 “inferos
846 1723 971 1808 quidem
986 1744 1056 1788 esse
1070 1722 1154 1787 hunc
1168 1722 1330 1800 mundum,
1344 1721 1399 1808 qni

245 1828 288 1891 sit
306 1826 475 1891 secundum
496 1848 573 1902 nos;
599 1827 776 1892 interiorem
799 1834 906 1891 eutem
927 1826 1085 1891 homiuem
1107 1826 1245 1911 ipsomm
1266 1825 1399 1889 derelin-

245 1937 391 2017 quentem
412 1930 464 1995 hic
486 1951 609 2016 corpus,
629 1930 663 1995 in
683 1929 936 2016 supercoelestem
958 1930 1125 1995 escendere
1147 1929 1273 1994 locum!
1317 1928 1400 1993 Oum

245 2032 329 2098 enim
352 2032 507 2098 Dominus
530 2034 565 2098 ιἰι
583 2033 680 2097 medio
699 2031 815 2097 omdroe
836 2034 941 2098 monis
959 2031 1082 2110 abierit,
1106 2031 1159 2096 ubi
1180 2030 1293 2095 enimse
1316 2052 1401 2095 mor·

244 2143 369 2201 tuorum
391 2143 490 2215 erunt,
513 2143 584 2221 post
607 2135 716 2200 deinde
737 2136 936 2222 corporaliter
957 2135 1135 2213 resurrexit,
1150 2143 1184 2201 et
1204 2141 1276 2222 post
1297 2156 1400 2200 resur·

244 2241 412 2306 rectionem
428 2247 586 2306 assumtus
600 2247 666 2305 est:
687 2240 887 2305 menifestum
898 2249 947 2305 est
959 2239 1032 2326 quia
1043 2247 1076 2304 et
1087 2239 1309 2325 discipulorum
1319 2238 1399 2324 ejus,

245 2351 371 2430 propter
393 2365 470 2428 quos
493 2350 526 2409 et
548 2343 617 2408 haec
641 2350 786 2430 operatus
813 2349 862 2408 est
886 2342 1051 2421 Dominus,
1077 2341 1189 2406 auimae
1212 2340 1344 2407 obibunt
1367 2341 1401 2405 in

77 2557 204 2644 primic..
244 2526 296 2599 Αἵ
332 2525 443 2625 ψυχαὶ
479 2531 688 2629 ἀπέρχονται
725 2533 768 2606 εἷς
803 2528 865 2602 τὸν
958 2529 1085 2601 7τόπον
1121 2527 1183 2599 τὸν
1217 2528 1401 2626 ὡρισμένον

78 2650 218 2741 fflffi
245 2640 444 2718 (113ταῖιᾶπό
467 2648 530 2714 τοῦ
551 2643 647 2728 θεοῦ,
675 2643 766 2713 κᾶκεῖ
787 2643 888 2741 μέχρι
912 2643 971 2724 τῆς
1000 2637 1213 2717 ἀναστάσεως
1238 2644 1399 2739 φοιτῶσι,

196 2818 199 2823 .
244 2755 475 2853 περιμένουσαι
496 2756 556 2839 τὴν
571 2753 767 2828 ἀνάστασιν·
786 2756 903 2826 ἔπειτα
921 2754 1162 2842 ἀπολαβοῦσαι
1180 2751 1225 2825 τὰ
1243 2755 1398 2838 σώματα,

243 2952 426 3017 invisibilem
451 2953 564 3032 loonm,
580 2952 743 3018 definitum
769 2953 815 3016 eis
839 2973 860 3016 a
883 2951 964 3030 Deo,
984 2959 1017 3016 et
1042 2951 1084 3016 ibi
1110 2972 1207 3038 usque
1230 2951 1271 3049 od
1295 2972 1400 3017 resur-

242 3057 412 3121 rectionem
428 3058 712 3134 commorobuutur,
727 3055 921 3121 sustinentes
935 3055 1211 3120 resurrectionem:
1236 3063 1307 3139 post
1320 3055 1400 3121 reci·

243 3158 366 3244 pientes
390 3180 531 3244 corpore,
555 3166 589 3224 et
616 3158 751 3245 perfecte
785 3167 994 3246 resurgentes,
1020 3159 1080 3225 hoe
1101 3167 1151 3225 est
1185 3159 1398 3251 corporaliter,
1412 3187 1489 3226 oue

292 3377 302 3409 ¹
319 3384 347 3438 et,
361 3378 424 3439 AB„
437 3379 518 3428 Voss
846 3382 897 3430 snit
908 3382 987 3431 either
998 3381 1073 3442 word,
1086 3382 1136 3430 end
1147 3382 1189 3430 the
1201 3382 1281 3430 Voss.
1294 3382 1401 3447 reading

291 3458 345 3508 ’A
366 3465 420 3510 text
441 3461 568 3527 generally
585 3462 677 3526 quoted
699 3463 793 3527 hythe
842 3478 901 3527 moy
917 3464 982 3512 have
999 3464 1060 3512 been
1080 3480 1096 3512 s
1114 3463 1236 3528 morginsl
1258 3468 1318 3512 note
1339 3480 1400 3528 sug·

242 3542 348 3592 Futhere
365 3543 391 3591 in
409 3543 483 3608 proof
501 3543 530 3592 of
549 3544 591 3592 tho
614 3544 724 3592 Desoent
739 3544 792 3593 into
842 3545 928 3607 geeted
956 3546 990 3609 by
1011 3545 1127 3594 conation
1155 3547 1215 3595 with
1243 3546 1286 3595 the
1314 3546 1401 3596 Greek

242 3624 316 3685 Hell;
334 3625 382 3674 but
397 3627 440 3675 the
453 3625 535 3674 words
546 3626 579 3675 τὰ
590 3627 716 3688 κατώτερα
732 3627 794 3688 μέρη
842 3629 904 3673 text.

241 3707 285 3766 τῆς
306 3708 352 3767 yfir
373 3705 517 3755 considered
544 3706 672 3771 critieully,
697 3722 739 3754 ore
765 3707 792 3754 in
891 3704 1087 3767 ‘Hercsicrehs
1107 3708 1136 3756 ol
1150 3708 1193 3757 the
1206 3708 1312 3757 Gnostic
1328 3714 1398 3773 type,

241 3786 341 3836 evident
363 3788 502 3852 opposition
527 3787 588 3835 with
610 3787 680 3834 those
702 3786 728 3835 in
750 3786 793 3834 tho
842 3803 903 3852 very
925 3787 1050 3853 generally
1072 3789 1179 3853 adopted
1200 3791 1244 3839 the
1265 3792 1353 3839 notion
1374 3791 1404 3840 of

240 3873 302 3916 next
310 3885 386 3928 verse,
396 3869 504 3930 ὑπεράνω
515 3869 611 3916 πάντων
621 3870 670 3916 τῶν
681 3869 790 3931 οὐρανῶν,
843 3869 942 3918 ancient
955 3870 1111 3935 philosophy,
1126 3871 1178 3920 still
1191 3878 1291 3920 current
1306 3888 1401 3937 among

241 3950 443 4013 theonephrsse
458 3950 534 3998 isthe
550 3948 694 3998 oonelutive
709 3948 737 3997 of
750 3949 794 3997 the
842 3950 886 3998 the
908 3950 1048 4012 Brehmins,
1074 3954 1131 4002 thet
1152 3954 1195 4002 the
1218 3955 1284 4018 body
1306 3955 1328 4002 is
1355 3955 1402 4005 the

240 4031 325 4091 othsr;
341 4029 555 4090 ttulmmearu,
568 4030 601 4090 of,
621 4030 659 4078 tlte
668 4029 798 4092 meones
843 4031 927 4095 prison
947 4032 975 4080 os
988 4033 1031 4081 the
1049 4034 1111 4094 soul,
1132 4034 1182 4083 ond
1204 4035 1261 4084 thet
1277 4035 1328 4083 thie
1345 4035 1397 4095 life,
1472 4076 1475 4082 .

241 4112 347 4161 οιαοοοι.
383 4112 428 4160 See
441 4110 535 4171 omos,
550 4123 606 4172 343·
842 4128 904 4161 even
915 4114 941 4161 in
959 4115 991 4162 its
1005 4114 1129 4178 hrightest
1143 4121 1235 4180 aspect,
1252 4117 1273 4165 is
1292 4132 1308 4164 s
1325 4117 1401 4178 penul

290 4193 356 4243 ⁸0f.
370 4193 530 4255 Cium-530.
560 4194 611 4242 Au.
624 4194 698 4242 omits
709 4192 793 4241 Domi·
843 4197 916 4242 stete.
942 4194 1064 4258 Compare
1075 4197 1177 4246 Prelim.
1191 4198 1257 4247 limo.
1271 4216 1296 4264 p.
1311 4199 1362 4248 xlv.
1376 4213 1398 4247 1.

241 4290 289 4324 neos
892 4275 903 4309 ⁷
931 4280 1033 4340 ἀόρατον
1054 4285 1123 4328 must
1144 4281 1175 4329 be
1200 4281 1328 4346 supplied;
1355 4283 1400 4332 the

290 4356 352 4417 4ιό,
366 4356 447 4404 sothe
459 4355 535 4405 MSS.
565 4356 614 4406 Gn.
628 4355 671 4406 ad.
843 4361 1013 4409 transcriber's
1035 4378 1080 4426 eye
1102 4363 1197 4426 having
1219 4364 1308 4426 passed
1332 4365 1399 4413 from

290 4436 301 4468 ⁸
318 4436 352 4486 So
369 4437 413 4485 the
429 4440 489 4496 Au„
505 4436 570 4487 Vns.
587 4438 637 4486 and
652 4438 736 4486 Mero.
751 4450 791 4497 11„
844 4440 887 4488 the
904 4440 990 4489 article
1007 4446 1034 4490 to
1053 4442 1097 4491 the
1115 4442 1175 4490 final
1193 4442 1296 4505 syllable
1313 4443 1342 4492 of
1355 4445 1400 4493 the

242 4519 288 4567 but
307 4518 349 4566 the
368 4518 448 4569 Voss.
468 4518 579 4581 figurae·
601 4521 690 4568 τύπους
712 4519 794 4568 would
844 4520 948 4584 missing
959 4521 1036 4571 word.
