3000 4994
240 347 309 412 404
578 359 725 412 BESTIAE
748 356 1049 412 APOCALYPTIOAE

107 534 161 574 Lm
172 534 198 574 V.
217 527 219 531 ⁴

112 583 171 621 xxix.
182 583 198 622 Ι,

75 656 78 666 ·
111 629 194 713 mv·
682 631 783 697 one.
808 629 952 696 xxix.
1051 580 1053 582 ¹

93 721 171 761 MARS.
182 723 208 762 V.

78 768 228 853 ..ff-‘-
247 785 426 862 Universa
443 785 496 861 ecl
512 786 705 862 utilitatem
729 785 915 861 homimum
928 785 1039 885 facto
1056 811 1143 860 esse:
1171 797 1203 858 et
1221 782 1267 857 de
1284 777 1396 854 Ami-

317 904 445 979 clmn'sti
488 902 593 998 dolis,
636 898 810 1004 nequitia,
853 904 892 980 oi
928 903 1133 1004 apostatico
1175 928 1200 975 o
1243 898 1394 988 diluvio,

318 1035 350 1097 et
376 1021 547 1121 deinceps
564 1021 606 1096 in
622 1022 794 1111 Ananim,
811 1021 960 1097 Aeneia
984 1036 1016 1097 et
1033 1018 1206 1097 Miscelie
1224 1043 1398 1118 perseeu-

317 1138 421 1230 tione,
435 1139 690 1239 preſspueato.

246 1311 275 1372 l.
312 1305 451 1371 Oeneus
471 1313 577 1371 autem
599 1304 789 1371 reddidimus
808 1304 839 1369 in
860 1304 911 1371 his
930 1305 983 1390 qui
1005 1312 1078 1370 sunt
1099 1312 1173 1371 ante
1193 1304 1276 1371 hunc
1297 1303 1396 1381 libris,

242 1415 369 1495 propter
383 1429 461 1492 quae
475 1428 586 1493 passus
606 1411 672 1473 ¹est
687 1407 776 1472 Deus
794 1406 862 1472 haeo
877 1406 923 1471 ita
939 1406 1024 1472 fieri:
1049 1411 1098 1473 ¹et
1113 1406 1305 1472 ostendimus
1320 1428 1397 1491 quo·

243 1509 328 1574 niam
342 1509 447 1576 omnia
461 1531 531 1597 quae
545 1517 620 1575 sunt
633 1509 717 1588 talia,
733 1531 790 1596 pro
804 1530 842 1574 eo
856 1510 909 1597 qui
924 1510 1061 1575 salvatur
1074 1510 1199 1576 homine
1212 1510 1296 1575 faeta
1310 1517 1397 1586 eunt,

243 1611 319 1679 illud
338 1615 421 1699 quod
435 1622 484 1680 eet
498 1614 547 1679 sui
561 1612 681 1679 arbitrii
695 1621 728 1678 et
742 1634 807 1677 euae
822 1614 987 1700 potestatis
1003 1621 1164 1679 maturans
1182 1614 1223 1678 ad
1236 1613 1398 1678 immorta-

243 1715 374 1797 litatem,
390 1725 423 1783 et
436 1716 651 1803 optabiliorem
670 1738 741 1781 eum
760 1716 801 1781 ad
820 1725 971 1782 aeternam
990 1717 1214 1805 subjectionem
1232 1717 1302 1781 Deo
1317 1739 1397 1803 pree-

243 1841 368 1906 parane.
416 1819 461 1884 Et
483 1827 609 1905 propter
633 1819 693 1884 hoc
718 1819 856 1885 conditio
877 1819 1042 1885 insumitur
1066 1819 1203 1885 homini:
1227 1818 1399 1885 nonenim

244 1921 337 1986 homo
363 1930 489 2007 propter
513 1921 607 1998 illam,
637 1921 693 1986 sed
722 1920 859 1986 conditio
884 1922 969 1986 sacta
997 1930 1046 1987 est
1073 1930 1200 2009 propter
1227 1921 1399 1986 hominem.

245 2023 364 2088 Gentes
385 2032 491 2088 autem
511 2045 581 2110 quae
602 2030 635 2089 et
656 2023 732 2109 ipsae
753 2045 817 2087 non
837 2022 1045 2089 allevaverunt
1066 2024 1173 2090 oeulos
1192 2024 1248 2089 rad
1271 2024 1397 2101 eoelum,

243 2148 345 2212 neque
365 2125 485 2214 gratiae
509 2133 641 2213 egerunt
662 2125 772 2191 factori
797 2147 864 2204 suo,
888 2148 987 2212 neque
1008 2125 1112 2191 lumen
1135 2125 1273 2191 veritatis
1292 2127 1398 2193 videre

171 2262 174 2269 c
244 2230 416 2308 voluerunt,
431 2230 487 2296 sed
501 2229 583 2295 sicut
593 2252 697 2295 mures
712 2229 788 2296 caeei
799 2229 972 2295 absconditi
984 2229 1016 2293 in
1030 2230 1181 2316 profundo
1195 2229 1396 2317 insipientiae‚

80 2347 168 2389 tntu·
178 2350 206 2388 ¹⁶·
243 2337 256 2376 ³
257 2333 343 2420 juste
357 2356 459 2400 sermo
479 2343 513 2400 ut
526 2334 718 2399 stillicidium
733 2332 771 2397 de
785 2333 869 2411 code,
886 2342 913 2397 et
931 2333 1010 2398 sieut
1025 2343 1203 2398 momentum
1216 2342 1348 2413 amimae,
1364 2342 1399 2400 et
1414 2365 1440 2404 o.
1449 2366 1489 2404 m

81 2444 135 2485 Μ·
144 2445 173 2484 ‘i
183 2447 212 2491 ¹⁷·
242 2440 320 2505 aiem
334 2439 414 2504 milii
423 2439 601 2525 deputavit;
626 2438 659 2501 in
673 2446 795 2502 tantum
809 2436 903 2502 utiles
916 2444 949 2501 et
962 2436 1114 2521 aptabiles
1123 2436 1228 2523 justis,
1244 2445 1399 2523 quantum

243 2542 389 2608 utilitatis
403 2551 533 2629 praestat
552 2542 668 2629 stipula
684 2542 725 2607 ad
742 2541 839 2606 tritici
858 2548 1078 2626 augmentum
1103 2548 1136 2604 et
1153 2540 1259 2625 ⁴palea
1277 2541 1347 2626 ejus
1363 2542 1399 2605 in

244 2645 409 2726 ustionem,
424 2647 464 2713 ad
479 2646 689 2733 operationem
708 2645 786 2710 auri.
824 2644 870 2709 Et
884 2652 1046 2730 propterea
1060 2665 1130 2709 cum
1146 2644 1179 2708 iu
1193 2645 1255 2710 fine
1269 2655 1400 2731 repente

77 2744 141 2833 {13²²
151 2747 208 2786 ¹¹¹'·
245 2749 318 2815 hinc
339 2749 481 2816 Ecclesia
500 2756 710 2815 ⁶aesumetur:
733 2748 818 2824 Em't,
839 2746 949 2834 inquit,
969 2747 1126 2814 tribulatio
1151 2747 1251 2834 qstolin
1270 2769 1331 2812 mon
1357 2759 1401 2813 eat

236 2855 330 2937 fonte
344 2852 383 2916 et
397 2853 495 2930 initio,
511 2852 674 2938 emqeefiet.
710 2849 905 2915 Novissimus
916 2849 1000 2916 enim
1010 2871 1093 2937 agon
1107 2848 1175 2916 ⁶hic
1186 2851 1354 2937 justorum,
1366 2852 1401 2915 in

245 2979 307 3042 quo
322 2955 480 3022 vincentes
494 2963 680 3024 coronantur
693 2953 911 3038 incorruptela.

80 3167 206 3253 sspffll·
327 3172 357 3218 2.
892 3152 1247 3250 ...ἀνακεφαλαίωσις
1265 3153 1398 3245 γίνεται

83 3224 173 3299 aium
183 3270 202 3298 v.

82 3307 137 3346 m,
246 3259 354 3342 πόσης
372 3259 495 3338 ἀδικίας
513 3262 566 3332 καὶ
585 3260 710 3338 παντὸς
734 3259 843 3345 δόλου,
865 3263 917 3332 ἵνα
941 3264 974 3334 ἔν
1001 3263 1090 3354 αὗτῷ
1113 3266 1323 3363 συῤῥεύσασα
1344 3269 1399 3338 καὶ

246 3378 507 3467 nupsisset-deinc
537 3377 631 3445 πᾶσα
662 3373 792 3457 δύναμις
821 3375 1034 3458 drocen-rexit
1063 3375 1149 3449 κατὰ
1178 3379 1238 3460 τὴν
1262 3375 1401 3462 κάμινον

248 3490 370 3583 ὀλισθῇ
398 3493 460 3558 τοῦ
485 3488 595 3587 πυρός.
661 3486 897 3571 Καταλλῆλως
923 3486 977 3559 οὖν
1005 3489 1057 3559 roi
1086 3488 1129 3562 τὸ
1159 3492 1263 3574 ὄνομα
1296 3494 1401 3565 αὑτοῦ

312 3715 343 3777 2.
380 3711 426 3776 Et
440 3719 566 3797 propter
579 3712 639 3777 hoc
653 3712 686 3776 in
701 3712 801 3777 bestia
815 3712 956 3779 veniente
971 3713 1183 3798 recapitulatio
1198 3715 1234 3779 fit
1248 3715 1403 3782 universae

83 3840 148 3889 spos
156 3839 233 3879 emm.
248 3815 421 3901 iniquitatis
431 3824 464 3881 et
475 3815 576 3882 omnis
587 3814 660 3894 doli,
673 3823 709 3880 ut
721 3816 754 3880 in
768 3837 806 3881 ea
818 3816 977 3882 confluens
988 3825 1020 3882 et
1032 3818 1179 3883 conclusa
1190 3818 1291 3884 omnis
1302 3819 1404 3887 virtus

246 3920 431 4006 apostatica,
440 3920 473 3985 in
484 3920 640 3986 caminum
650 3921 793 3986 mittatur
800 3921 891 4009 ignis.
912 3921 1126 4009 Congruenter
1134 3929 1238 3988 autem
1247 3930 1405 3990 etnomen

298 4140 307 4171 ¹
325 4143 378 4190 An.
391 4141 466 4191 omits
477 4148 515 4202 eat,
528 4141 578 4190 and
590 4143 634 4190 hae
645 4141 800 4190 ostendimus·
849 4143 900 4192 and
910 4143 953 4192 the
964 4145 1014 4193 Au.
1028 4146 1102 4194 omits
1114 4146 1141 4195 it.

248 4237 299 4285 quc,
313 4238 345 4270 an
363 4224 470 4272 unusual
485 4224 549 4272 form
566 4225 628 4273 with
642 4226 685 4273 the
698 4226 801 4274 translar
898 4224 909 4257 ³
926 4227 976 4275 Au.
990 4228 1220 4292 strangelydividoa
1231 4229 1274 4277 the
1286 4230 1355 4278 word
1365 4230 1404 4279 in·

249 4310 296 4363 tor,
311 4305 391 4353 which
408 4321 467 4369 may
478 4307 542 4354 have
558 4307 638 4356 anison
653 4307 688 4372 by
698 4308 800 4357 misuk-
850 4312 877 4356 to
893 4307 943 4370 ejice
958 4316 986 4369 tc,
1006 4310 1049 4358 the
1066 4311 1121 4358 first
1137 4311 1215 4359 vowel
1233 4311 1309 4374 being
1325 4313 1405 4361 taken

248 4390 293 4453 ing
308 4387 354 4452 qm.
367 4389 406 4435 sor
416 4403 467 4450 qm.
849 4389 914 4439 from
925 4391 968 4439 the
978 4391 1038 4439 final
1049 4392 1151 4456 syllable
1162 4393 1302 4457 preceding.

298 4471 379 4530 'neon
388 4470 497 4519 inserted
509 4471 542 4534 by
551 4470 638 4521 Mese.
648 4471 698 4519 and
710 4471 801 4520 Sma-
898 4470 910 4501 ⁴
923 4472 1028 4535 paleo...
1039 4472 1074 4523 im.
1104 4474 1156 4523 An.
1168 4474 1328 4535 palene...od.

250 4565 284 4601 nu
296 4554 411 4602 fromtho
419 4553 500 4601 Voss,
509 4553 575 4612 MS„
590 4554 668 4602 ienot
678 4553 799 4617 required,
899 4553 909 4585 ⁵
927 4555 977 4603 Aa.
991 4554 1131 4616 assumitur,
1145 4556 1195 4604 and
1206 4557 1281 4606 omits
1292 4556 1341 4608 nie.
