3000 4994
222 342 290 408 306
585 359 589 364 ·
639 354 745 407 nram
769 352 968 407 uomssnn

85 531 139 575 um
149 532 189 575 iv.
223 512 366 578 ¹dicebat
381 533 456 587 eos;
478 510 612 576 similem
629 509 799 575 Sodomitis
818 505 1108 595 transgressionem,
1124 513 1157 571 et
1175 506 1284 571 eadem
1307 499 1378 590 qnae

87 579 183 711 lffil
227 616 306 681 ¹illis
323 616 449 682 luerunt
470 622 600 703 peccata
619 636 690 679 esse
710 613 794 700 apud
817 635 873 679 eos
891 613 1082 699 significans,
1101 619 1227 696 propter
1243 608 1379 675 similem

72 715 200 758 mm·
226 717 436 805 operationem
457 716 567 783 eodem
584 715 735 782 vocabulo
758 737 873 781 vocans
898 736 963 780 eos.
1008 714 1053 778 Et
1078 714 1152 800 quia
1177 734 1240 778 non
1265 720 1380 777 natura

60 831 329 887 -cssent
357 823 404 888 sic
433 821 508 888 sacti
536 842 558 886 a
584 820 664 898 Deo,
694 819 751 885 sed
777 819 830 904 qni
856 825 984 905 possent
1006 824 1038 882 et
1060 818 1146 903 juste
1167 838 1271 904 agere,
1295 816 1380 881 idem

60 948 178 991 haara
223 924 358 1004 dicebat,
387 924 551 990 consilium
579 923 625 988 eis
654 923 733 988 dans
762 923 913 987 ¹bonum:
939 921 1119 999 Laconici,
1144 918 1254 984 mundi
1282 928 1379 997 estote,

223 1029 342 1113 cosme
356 1028 508 1114 nequitias
521 1025 560 1090 od
574 1024 753 1090 metuebas
767 1025 875 1089 rostris
887 1033 958 1088 ante
972 1023 1070 1088 wahe
1083 1044 1169 1101 moos,
1185 1022 1327 1108 quiescite
1342 1018 1381 1084 ab

223 1129 438 1218 iniquitatibus
452 1129 568 1194 vestrm
614 1127 742 1193 Scilicet
757 1125 905 1212 quoniam
920 1126 1004 1190 idem
1018 1125 1078 1211 ipsi
1095 1147 1168 1190 cum
1183 1123 1381 1211 transgrede-

223 1241 332 1298 rentur
345 1239 379 1297 et
393 1239 567 1316 peccarent,
583 1231 713 1296 eandem
728 1251 822 1317 quam
837 1229 1008 1294 Sodomitae
1022 1235 1226 1315 perceperunt
1236 1227 1381 1314 objurga·

223 1336 353 1401 tionem.
411 1335 492 1401 Gum
517 1333 603 1400 enim
628 1340 882 1399 converterentur
903 1340 936 1397 et
958 1331 1175 1417 poenitentiam
1196 1336 1326 1416 egerent
1348 1337 1381 1394 et

225 1436 422 1521 quiescerent
450 1458 471 1502 a
498 1435 628 1513 malitia,
655 1434 710 1499 lilii
737 1441 882 1521 poterant
907 1456 977 1498 esse
1007 1433 1079 1511 Dei,
1104 1441 1136 1498 et
1165 1432 1381 1496 haereditatem

227 1540 375 1626 consequi
398 1539 614 1626 incorruptelae
634 1560 707 1625 quae
732 1539 773 1604 ab
800 1560 837 1604 eo
865 1545 1044 1623 praestatur.
1091 1534 1270 1601 Secundum
1298 1534 1380 1599 hanc

61 1666 175 1752 psam
175 1641 322 1729 igitur
354 1643 518 1720 rationem,
558 1642 687 1728 angelos
725 1640 841 1706 diaboli
875 1648 908 1706 et
936 1639 1017 1704 filios
1047 1638 1129 1703 dixit
1158 1638 1296 1725 maligni,
1327 1637 1380 1724 qui

61 1715 123 1800 iiia
130 1757 213 1800 num
227 1743 350 1809 diabolo
373 1743 513 1821 credunt,
537 1751 570 1808 et
594 1765 632 1809 ea
658 1765 728 1828 quae
753 1750 829 1807 sunt
852 1742 920 1829 ejus
949 1749 1059 1829 agunt.
1105 1741 1166 1822 Qui
1191 1741 1317 1827 quidem
1338 1741 1380 1804 ab

226 1846 315 1911 initio
337 1868 445 1911 omnes
465 1846 506 1910 ab
525 1864 587 1910 nno
609 1849 660 1911 ³et
681 1846 792 1910 eodem
807 1843 878 1909 Deo
899 1844 975 1909 facti
996 1851 1082 1909 sunt.
1120 1842 1242 1906 Vemm
1256 1844 1380 1929 qnando

226 1947 358 2014 credunt
383 1956 417 2012 et
440 1946 574 2033 subjecti
604 1951 695 2011 *sunt
724 1946 805 2024 Deo,
830 1954 1029 2032 perseverant
1051 1954 1084 2009 et
1113 1944 1287 2009 doctrinam
1312 1947 1381 2032 ejus

226 2049 415 2128 custodiunt,
435 2049 584 2113 filiisunt
604 2048 684 2114 Dei:
708 2069 780 2114 cnm
804 2057 910 2113 autem
924 2047 1132 2113 abscesserint
1146 2056 1179 2113 et
1193 2047 1379 2134 transgressi

226 2151 352 2229 luerint,
375 2151 498 2216 diabolo
520 2151 740 2216 adscribuntur
760 2150 902 2237 principi,
923 2151 969 2216 ⁵ei
987 2150 1038 2237 qni
1063 2151 1164 2237 primo
1183 2151 1242 2216 sibi
1257 2158 1333 2215 tunc
1348 2158 1381 2215 ct

226 2254 353 2341 reliquis
368 2277 463 2321 cama
475 2256 682 2320 abscessionis
696 2255 738 2321 sit
752 2255 864 2321 lactus.

293 2363 323 2424 2.
369 2358 524 2440 Quoniam
546 2367 653 2423 autem
676 2357 766 2422 multi
790 2357 915 2445 quidem
937 2358 1066 2423 Domini
1091 2380 1259 2437 sermones
1283 2380 1381 2424 nnnm

84 2489 108 2534 ·,
227 2470 334 2527 antem
358 2471 392 2527 et
420 2461 554 2526 eundem
583 2483 693 2527 omnes
721 2460 910 2527 annuntiant
940 2462 1069 2527 Patrem
1095 2464 1245 2527 factorem
1273 2461 1381 2526 mundi

227 2564 331 2650 hujus,
359 2565 522 2649 oportebat
551 2572 584 2628 et
613 2585 671 2628 nos
696 2567 839 2650 6propter
868 2585 933 2643 eos,
961 2565 1069 2651 quiin
1095 2565 1202 2629 multis
1228 2564 1382 2629 erroribus

229 2667 437 2747 continentur,
453 2690 509 2751 per
523 2666 621 2733 multa
635 2667 806 2746 confutare,
828 2667 856 2732 si
874 2688 936 2754 quo
955 2668 1049 2733 modo
1062 2677 1190 2752 possent
1208 2690 1263 2754 per
1284 2667 1383 2731 multa

229 2770 382 2835 contutati
419 2770 461 2835 nd
489 2770 652 2835 veritatem
681 2769 819 2835 converti
848 2777 881 2835 et
909 2770 1031 2837 salvari.
1087 2770 1305 2836 Necessarium
1334 2778 1383 2835 est
1398 2779 1480 2818 Μ·

228 2879 344 2951 antem,
375 2872 597 2958 conscriptioni
634 2872 706 2938 hnic
736 2872 768 2936 in
796 2873 939 2960 sequenti
968 2881 1040 2960 post
1070 2874 1197 2939 Domini
1226 2896 1384 2939 sermones

229 2976 418 3062 subjungere
445 2974 537 3038 Pauli
563 2996 685 3061 quoqne
711 2977 894 3055 doctrinam,
925 2985 958 3042 et
987 2977 1165 3043 examinare
1193 2978 1384 3042 sententiam

229 3078 307 3162 ejus,
323 3086 356 3142 et
371 3077 561 3163 Apostolum
575 3099 741 3164 exponere,
756 3085 789 3143 et
804 3101 996 3165 quaecunque
1010 3081 1051 3144 ab
1065 3079 1220 3144 haereticis
1235 3079 1267 3142 in
1281 3087 1385 3144 totum

230 3200 293 3243 non
322 3178 566 3266 intelligentibus
591 3202 661 3265 quae
686 3202 707 3245 a
736 3181 837 3246 Paulo
866 3183 951 3247 dicta
979 3190 1063 3260 sunt,
1093 3182 1170 3247 alias
1199 3190 1385 3269 acceperunt

230 3283 513 3369 interpretationes,
543 3284 720 3369 explanare,
750 3294 783 3350 et
812 3287 1001 3351 dementiam
1031 3287 1251 3351 incensationis
1278 3308 1386 3351 eorum

231 3387 413 3452 ostendere:
438 3395 470 3452 et
484 3388 525 3452 ab
540 3389 650 3453 eodem
667 3390 777 3468 Paulo,
794 3411 834 3456 ex
849 3412 911 3477 quo
929 3390 1019 3456 nobis
1034 3391 1223 3476 qnaestiones
1238 3391 1384 3470 infenmt,

231 3489 441 3563 manifestare,
457 3490 525 3555 illos
537 3491 662 3577 quidem
676 3493 851 3570 mendaces,
864 3494 1054 3579 Apostolum
1068 3515 1140 3558 vero
1152 3494 1386 3579 praedicatorem

233 3613 303 3658 esse
325 3592 475 3671 veritatis,
494 3602 528 3659 et
549 3595 654 3658 omnia
676 3597 879 3660 consonantia
893 3597 1034 3661 veritatis
1056 3597 1210 3680 praeconio
1227 3597 1384 3669 docuisse;

232 3717 329 3760 unum
345 3696 449 3763 Deum
465 3697 594 3762 Patrem
610 3721 691 3774 eum,
707 3698 760 3785 qui
775 3699 898 3764 locutus
912 3700 954 3763 sit
968 3700 1009 3762 ad
1029 3700 1201 3778 Abraham,
1226 3700 1279 3786 qni
1297 3700 1388 3787 legis-

232 3798 393 3865 dationem
415 3799 534 3877 lecerit,
554 3800 606 3885 qni
629 3800 797 3886 prophetas
815 3801 1010 3888 praemiserit,
1037 3802 1090 3887 qni
1112 3801 1288 3867 novissimis
1309 3809 1389 3866 tem-

282 3984 530 4047 wammam,
543 3985 678 4035 andomits
689 3987 784 4038 bonum
886 3988 1010 4052 ‘popter
1031 4004 1076 4039 eor.
1116 3989 1210 4038 Graan
1232 3989 1315 4037 would
1331 3989 1391 4037 read

283 4065 295 4098 2
311 4067 448 4128 mrimubru,
463 4068 517 4129 Cn,
531 4069 594 4129 Aa,
603 4069 678 4128 Van,
687 4069 766 4118 Voss.
832 4079 969 4134 >propterea
983 4072 1030 4120 but
1040 4072 1147 4121 without
1157 4072 1298 4135 authority3
1314 4073 1365 4121 and
1376 4088 1392 4120 a

282 4146 293 4179 ²
311 4147 423 4208 nausa,
438 4148 531 4208 Gann,
549 4149 637 4198 Mane.
651 4162 669 4198 1.
689 4150 751 4198 omit
768 4157 789 4199 rt
837 4151 915 4215 slight
933 4155 1039 4214 σφάλμα
1057 4153 1084 4201 in
1103 4153 1146 4201 tha
1165 4153 1248 4201 Greek
1266 4169 1346 4202 seems
1363 4158 1391 4202 to

233 4227 320 4289 codem
340 4229 422 4278 which
440 4230 482 4277 the
499 4230 551 4278 Aa.
572 4230 624 4290 has,
649 4230 696 4279 bnt
715 4230 788 4280 omits
838 4232 1018 4296 beindicated;
1037 4236 1090 4284 trel
1108 4237 1134 4284 δὲ
1149 4237 1238 4284 πολλοὶ
1252 4237 1333 4295 μέντοι
1349 4237 1393 4283 τοῦ

233 4309 293 4358 Deo.
839 4313 930 4375 Κυρίου
941 4315 1130 4377 λόγοι...ἐχοῆν
1150 4317 1190 4364 καὶ
1207 4316 1268 4374 ἡμᾶς
1283 4317 1323 4364 διὰ
1340 4317 1393 4364 τού-

283 4389 295 4421 ⁴
310 4397 373 4452 runt,
387 4391 431 4440 the
446 4390 546 4443 Cum.
560 4392 609 4441 and
621 4392 702 4444 Voss,
719 4391 788 4443 read·
840 4412 894 4445 rous
906 4394 933 4459 [l.
947 4395 1050 4460 τούτων]
1067 4398 1122 4446 τοὺς
1134 4398 1159 4444 ἐν
1170 4397 1274 4445 πολλαῖς
1289 4398 1393 4447 πλάναις

233 4471 294 4591 ing.³
323 4473 387 4534 Aa,
401 4473 444 4524 duc.
458 4489 510 4523 mc.
839 4477 1018 4539 συνεχομένους,
1052 4479 1092 4526 διὰ
1119 4479 1219 4525 πολλῶν
1250 4478 1394 4540 ἀνατρέπειν

310 4554 360 4602 ΑΒ.
373 4561 400 4604 ct.
839 4561 913 4609 κ.τ.λ.
