3000 4994
528 387 712 442 rusorum
738 387 911 442 vannus.
1257 372 1299 440 73

145 535 315 601 rectionem
326 536 479 616 viderunt,
495 537 621 604 intulit:
646 540 719 605 Sive
733 550 834 605 cutem
849 562 909 627 epo,
924 541 986 605 sice
999 539 1059 619 illi,
1074 540 1117 605 sic
1132 539 1298 604 contactio·
1334 563 1387 603 nm.
1397 563 1438 605 ru.

1351 610 1394 648 xtit.
1406 611 1422 648 1.

144 661 219 716 mus,
245 649 273 703 et
293 640 337 703 sic
357 639 547 706 credidistis:
574 664 669 707 unam
683 651 716 708 et
730 644 861 708 eandem
879 643 1132 729 pradicationem
1146 642 1298 707 confitens
1310 654 1461 741 σιξ-ΛΜΨ

61 759 122 799 zm
145 741 284 806 omnium
307 764 415 808 eorum
437 744 490 829 qui
514 744 617 810 Deum
637 746 780 810 viderunt
801 753 873 833 post
895 747 1153 812 resurrectionem
1175 767 1196 809 a
1217 767 1297 810 mor·
1344 748 1389 786 ¹¹¹l
1400 749 1417 786 ¹·

1311 821 1458 831 ——-

145 844 217 909 tuis.
1311 859 1373 897 1001.
1381 868 1416 896 xv.
1426 859 1454 896 u.

211 951 242 1012 2.
287 947 332 1013 Et
356 948 512 1015 Dominus
533 959 640 1016 autem
656 951 803 1038 Philippo
825 951 940 1016 volenti
962 953 1091 1017 Patrem
1113 951 1226 1030 videre,
1248 973 1297 1015 re-

143 1051 288 1137 spondit:
317 1051 413 1116 Tonto
427 1062 557 1139 tempore
577 1053 725 1118 vobiscum
745 1078 819 1133 acm,
839 1064 866 1118 ct
888 1078 934 1119 aaa
954 1078 1013 1119 ooo
1035 1055 1202 1140 cognovisti,
1218 1055 1295 1118 Plu‘·
1308 1074 1460 1160 poouuesa

145 1153 253 1239 lippo?
275 1155 329 1240 qai
342 1155 425 1218 videt
439 1178 494 1233 osc,
510 1156 592 1220 videt
614 1167 642 1220 ct
662 1158 803 1222 Patrem.
842 1157 990 1236 Quomodo
1012 1167 1046 1222 ta
1068 1157 1154 1234 dicis,
1172 1156 1298 1221 Ostcuda
1333 1149 1338 1160 ’

143 1255 225 1320 cobis
238 1256 394 1321 Patrem?
437 1258 503 1344 Epo
527 1260 605 1322 caira
629 1260 663 1323 ia
678 1259 788 1336 Patre,
816 1269 842 1323 et
858 1260 959 1323 Pater
980 1261 1014 1323 io
1036 1281 1091 1337 ivre,
1117 1268 1144 1323 et
1167 1281 1188 1322 a
1212 1259 1298 1324 oaodo

144 1361 315 1445 cognovistis
335 1382 412 1438 cuso,
434 1370 462 1425 et
480 1362 610 1429 vidistis.
666 1363 787 1446 Quibus
808 1384 882 1449 ergo
906 1361 1061 1427 Dominus
1084 1361 1298 1426 testimonium

144 1461 235 1541 dixit,
263 1464 410 1548 quoniam
444 1473 477 1530 et
503 1476 713 1552 cognoverunt
748 1466 781 1530 in
817 1466 885 1552 ipso
917 1473 951 1530 et
984 1465 1128 1530 viderunt
1155 1464 1294 1541 Patrem,

145 1565 242 1629 Pater
263 1574 369 1630 autem
393 1567 517 1645 veritos,
550 1568 607 1633 hos
630 1568 733 1633 dicere
757 1589 820 1632 non
847 1567 1028 1654 cognovisse
1051 1567 1224 1642 veritatem,
1247 1573 1296 1630 est

143 1666 304 1733 homiuum
329 1669 407 1734 salsa
426 1670 620 1749 testantium,
642 1678 676 1736 et
696 1692 804 1736 eorum
826 1671 879 1754 qui
900 1669 1026 1734 alienati
1049 1678 1123 1735 sunt
1142 1691 1163 1732 a
1178 1667 1294 1733 Christi

143 1771 296 1837 doctrina.
340 1772 394 1836 Ad
413 1773 488 1858 quid
509 1773 592 1839 enim
608 1774 754 1839 mittebat
769 1774 925 1839 Dominus
946 1772 1109 1838 duodecim
1124 1772 1295 1858 Apostolos
1307 1793 1423 1835 uaeas

143 1873 184 1937 ad
206 1895 280 1939 oves
301 1897 371 1959 quae
383 1876 543 1960 perierant
566 1877 677 1942 domus
699 1876 807 1956 Israel,
830 1877 857 1942 si
878 1876 1040 1941 veritatem
1058 1897 1121 1940 non
1144 1896 1295 1962 cognove·

143 1979 237 2044 runt!
281 1979 444 2062 Quomodo
472 1988 578 2046 autem
608 1988 641 2045 et
670 1981 871 2068 septuaginta
896 1979 1118 2065 praedicahant,
1145 1979 1205 2043 nisi
1235 1979 1295 2066 ipsi

143 2080 230 2164 prius
243 2082 407 2146 veritatem
421 2083 651 2168 praedicationis
666 2083 904 2170 cognovissent?
935 2081 1004 2146 Aut
1015 2082 1171 2168 quomodo
1183 2081 1296 2147 Petrus

144 2183 287 2270 ignorare
299 2186 412 2271 potuit,
428 2187 478 2251 cui
494 2187 651 2252 Dominus
665 2187 880 2252 testimonium
899 2186 995 2263 dedit,
1016 2185 1160 2270 quoniam
1176 2206 1249 2250 caro
1263 2194 1295 2250 et
1307 2200 1457 2246 mxveu.

142 2288 272 2374 sanguis
287 2310 349 2354 non
364 2290 510 2354 revelavit
525 2290 564 2368 ei,
580 2291 635 2355 sed
653 2290 750 2356 Pater
764 2291 816 2375 qui
832 2290 865 2354 in
880 2289 967 2354 coelis
982 2291 1051 2355 est?
1096 2289 1206 2354 lSicut
1220 2310 1296 2375 ergo

144 2389 267 2454 Paulus
281 2393 441 2476 Apostolus
460 2414 518 2457 aon
537 2392 575 2457 ob
599 2393 774 2471 Miltiades,
799 2415 893 2478 acque
909 2415 971 2477 per
990 2392 1145 2468 hircinam,
1167 2392 1221 2455 scd
1234 2413 1403 2476 parnasi.

141 2491 246 2555 desum
261 2492 434 2558 2ΟΙινίείιιηι
454 2505 481 2558 ct
502 2495 603 2559 Deum
622 2495 747 2559 Patrem
758 2517 769 2566 ,·
795 2494 877 2559 Filio
900 2493 1023 2580 quidem
1046 2493 1219 2557 adducente
1241 2514 1297 2558 eos

142 2592 183 2657 ad
199 2593 339 2672 Patrem,
357 2596 453 2661 Patre
468 2618 539 2660 vero
554 2596 710 2661 revelante
725 2596 771 2661 eis
788 2595 913 2660 Filium.

207 2700 240 2762 3.
285 2699 439 2780 Quoniam
464 2707 571 2763 autem
596 2699 646 2764 his
675 2698 728 2783 qui
755 2699 796 2763 ad
819 2696 991 2783 Apostolos
1014 2704 1199 2761 vocaverunt
1223 2717 1295 2760 eum

142 2799 181 2864 de
197 2802 378 2886 quaestione,
394 2803 548 2889 acquievit
565 2802 692 2880 Paulus,
708 2810 741 2867 et
761 2801 901 2866 ascendit
923 2801 964 2865 ad
986 2821 1040 2865 eos
1061 2821 1132 2864 cum
1153 2798 1296 2863 Bernaba

142 2903 176 2967 in
208 2904 468 2990 Hierosolymam,
499 2927 561 2970 non
592 2905 660 2970 sine
689 2927 793 2983 causa,
825 2904 880 2969 sed
907 2911 943 2968 ut
969 2902 1028 2966 'ab
1058 2900 1135 2986 ipsis
1164 2899 1294 2966 libertas

140 3131 224 3178 whom
247 3130 277 3179 ho
298 3130 429 3180 addressed
450 3131 551 3180 himself
569 3132 640 3179 when
663 3131 693 3179 he
743 3129 807 3179 &cm
814 3128 969 3192 pmdicctur,
986 3127 1049 3192 quod
1064 3127 1094 3176 de
1109 3128 1133 3179 S.
1148 3127 1228 3176 Paulo
1244 3127 1294 3177 dic·

141 3212 203 3272 said,
235 3212 280 3260 ἀπ’
303 3215 357 3274 ἄρτι
384 3215 515 3274 γινώσκετε
543 3215 621 3272 αὐτὸν,
653 3214 694 3261 καὶ
743 3217 794 3258 tum
810 3218 849 3271 est,
863 3227 945 3273 acaspe
961 3211 1091 3259 eosma'mo
1104 3209 1187 3272 fuisse
1204 3225 1221 3257 a
1236 3209 1296 3258 Jeao

141 3295 354 3356 ὀωράκατεαίπόν,
369 3296 430 3345 Joh.
444 3296 494 3344 xiv.
510 3307 530 3356 7.
566 3296 593 3343 It
609 3296 691 3343 isaur-
743 3299 764 3340 et
783 3292 835 3354 ipso
856 3291 907 3340 Deo
927 3292 1017 3341 Patre:
1040 3306 1093 3353 qum
1111 3297 1231 3353 poemia
1252 3306 1297 3338 cos

139 3376 237 3440 prising
248 3377 303 3425 that
315 3377 406 3425 editors
421 3377 509 3424 should
517 3376 580 3425 have
592 3377 693 3425 allowed
737 3372 804 3436 sorte
830 3389 957 3422 recurreno
983 3373 1067 3421 omissi
1097 3372 1219 3421 wamma
1240 3372 1296 3435 fuit

139 3458 569 3522 thisreadiugtopasauunoticed;
587 3459 693 3508 hutthia
742 3456 840 3504 occcmh.
877 3455 919 3504 No
936 3457 1051 3519 apodosis
1068 3455 1089 3504 is
1106 3455 1227 3518 required,
1245 3455 1296 3503 and

139 3541 248 3606 perhaps
268 3543 352 3590 makes
371 3543 392 3590 it
411 3543 458 3589 less
477 3541 615 3605 surprising
637 3542 693 3591 that
743 3536 835 3584 eoswih
844 3536 907 3585 refer
915 3541 941 3584 to
951 3536 993 3585 tho
1001 3536 1128 3600 Apostles,
1139 3535 1181 3584 the
1192 3539 1296 3599 seveuty

138 3637 209 3671 some
243 3624 392 3671 transcriber
424 3623 512 3672 should
540 3624 604 3671 have
631 3624 692 3671 been
742 3617 863 3681 disciples,
885 3617 909 3666 S.
924 3618 998 3666 Peter
1015 3617 1064 3665 and
1086 3617 1111 3665 S.
1125 3617 1189 3665 Paul
1208 3617 1294 3664 collec-

138 3703 235 3767 caught
256 3703 290 3768 by
312 3705 354 3752 the
376 3709 496 3768 apparent
518 3703 647 3766 similarity
667 3703 695 3751 of
742 3699 827 3763 tively.
856 3699 909 3748 The
920 3705 974 3748 text
982 3699 1045 3746 from
1056 3698 1080 3748 S.
1090 3699 1159 3747 John
1171 3698 1256 3746 served
1268 3702 1295 3744 to

139 3783 197 3832 idea
224 3783 356 3833 contained
384 3785 409 3832 in
439 3784 464 3834 S.
490 3784 578 3833 John's
601 3785 690 3844 words,
741 3780 871 3829 introduco
889 3782 932 3829 the
954 3780 1064 3828 mention
1088 3779 1118 3827 ol
1136 3780 1179 3827 the
1200 3778 1295 3826 several

138 3864 191 3914 and
207 3865 304 3914 instead
317 3866 346 3913 of
362 3866 497 3913 Dominum
514 3866 577 3913 have
593 3865 691 3914 written
741 3861 865 3910 iustancos
889 3863 915 3909 in
935 3863 1015 3910 which
1033 3861 1089 3909 God
1111 3860 1158 3908 had
1182 3857 1295 3906 revealed

138 3947 228 3996 Deum.
270 3948 322 3996 The
341 3948 385 3997 Cn.
405 3948 444 3996 tor
460 3947 503 4010 qui
520 3947 600 3995 Dcura
621 3947 692 3996 reads
742 3943 842 3991 himself
858 3944 891 4006 by
909 3943 947 3990 his
958 3942 1084 4006 Apostles,
1105 3940 1155 3988 aud
1173 3940 1234 3988 then
1252 3939 1295 3987 the

136 4028 245 4091 quidem.
741 4025 819 4073 entire
830 4023 914 4087 period
926 4024 946 4070 is
961 4022 1074 4070 summed
1090 4022 1123 4085 by
1140 4019 1219 4069 words
1238 4021 1295 4069 that

189 4110 277 4159 1atac
303 4125 365 4172 apo,
395 4111 472 4159 καθὼς
498 4111 552 4171 ἄρα,
576 4114 690 4158 connect·
741 4103 1029 4153 referbackthoreador
1046 4108 1072 4149 to
1088 4102 1132 4150 tho
1148 4106 1210 4160 text,
1229 4100 1294 4148 from

136 4194 184 4256 lng
201 4192 244 4241 the
260 4208 314 4240 case
331 4192 360 4240 ol
376 4192 402 4239 S.
422 4189 485 4240 Paul
502 4191 562 4239 with
579 4191 622 4239 the
639 4207 691 4254 prs·
742 4186 841 4234 whence
869 4185 911 4234 tho
938 4200 1007 4232 sense
1035 4182 1085 4231 had
1112 4198 1139 4230 so
1167 4182 1293 4246 naturally

135 4273 235 4337 coding.
271 4272 365 4321 Ganos
377 4273 490 4320 however
501 4273 620 4335 imagines
636 4273 692 4320 that
741 4267 836 4315 llowed.

134 4357 279 4419 something
296 4356 340 4403 has
359 4356 419 4403 beon
438 4355 494 4404 lust.
529 4354 622 4402 Nattae
639 4369 691 4402 uos·
790 4347 948 4406 ’Ghvidmva
962 4344 1071 4394 restored
1083 4344 1217 4409 byGaasn
1228 4346 1292 4394 from

133 4448 228 4488 erorum
249 4438 322 4486 MSS.
348 4436 425 4486 Codd.
449 4435 543 4498 supplet
565 4434 688 4497 desectum,
741 4432 784 4479 the
800 4431 851 4479 Aa.
872 4429 939 4488 MS,
962 4429 1006 4477 but
1025 4427 1148 4476 cancelled
1167 4428 1240 4492 again
1259 4428 1293 4491 hy

133 4537 206 4586 quera
216 4520 260 4568 hoc
271 4521 320 4568 loco
325 4518 404 4580 focile
415 4515 585 4579 deprehendas.
621 4514 691 4562 Deest
742 4512 828 4560 Mass.

132 4601 201 4651 mim
211 4600 331 4664 opodocis,
351 4614 400 4661 qao
414 4597 444 4647 dc
458 4596 558 4660 reliquia
569 4597 589 4644 A
592 4594 692 4658 postolis
790 4592 801 4624 ⁸
817 4600 838 4641 ct
849 4592 869 4640 'a
880 4589 960 4641 added
971 4591 997 4641 in
1007 4591 1050 4641 tho
1062 4590 1162 4641 Cossu.
1176 4589 1235 4640 MS.
