3000 4994
571 374 819 428 FRAGMENTA.

647 760 732 826 XII.

189 928 330 1035 ιἸ-Ἰμεῑς
354 947 407 1021 ούν
426 951 479 1020 καί
499 953 640 1034 σώματα
668 950 870 1021 ἀνίστασθαι
894 952 1169 1033 πεπιστεύκαμεν.
1216 949 1266 1022 Ei

113 1062 181 1162 γὰρ
211 1063 264 1133 καί
297 1063 483 1162 φθείρεται,
515 1063 591 1133 ἀλλ’
622 1062 677 1133 ούκ
709 1062 914 1133 ἇπόλλυται·
954 1063 1082 1134 τούτων
1113 1061 1181 1163 γὰρ
1218 1061 1263 1135 τό

112 1172 262 1269 λείψανα
284 1184 327 1267 γῆ
344 1174 567 1270 ὑποδεξαμένη
587 1185 687 1274 τηρεῖ,
712 1173 800 1258 όίκην
822 1175 955 1274 σπόρου
978 1176 1187 1259 πιαινομὲνου
1209 1177 1262 1247 καί

111 1291 162 1377 τῷ
199 1296 258 1380 γῆς
290 1290 511 1388 λιπαρωτέρῳ
544 1289 824 1371 συμπλεκομένου.
871 1285 974 1365 Αὖθις
1005 1283 1119 1388 ὥσπερ
1148 1289 1263 1366 κόκκος

113 1400 233 1491 γυμνός
259 1402 443 1501 σπείρεται,
470 1402 522 1471 καί
540 1402 740 1484 κελεύσματι
764 1406 826 1473 τοῦ
854 1399 1158 1498 δημιουργήσαντος
1176 1401 1264 1472 Θεοῦ

113 1514 256 1598 θάλλων,
284 1515 505 1613 ἦμφιεσμίνος
534 1514 586 1583 καὶ
613 1510 745 1606 ἔνδοξος
773 1514 948 1612 ἐγείρεται,
979 1513 1015 1584 ού
1041 1512 1210 1613 πρότερον
1235 1517 1263 1584 εί

110 1627 155 1710 μη
173 1626 347 1698 ἀποθανὼν
364 1629 456 1711 λυθῆ,
475 1625 528 1697 καί
552 1633 597 1720 γῇ
615 1628 776 1720 συμμιγῇ·
803 1620 893 1698 α’ίστε
911 1625 972 1709 την
990 1624 1177 1698 ἆνόστασιν
1201 1633 1264 1698 τοῦ

111 1741 267 1821 σώματος
293 1740 329 1810 ού
353 1741 462 1824 μάτην
487 1740 761 1823 πεπιστεύκαμεν·
790 1738 895 1809 Ἀλλ’
921 1741 949 1808 εί
974 1739 1027 1810 καί
1045 1739 1158 1810 λύεται
1179 1741 1262 1838 πρός

110 1850 232 1949 καιρόν,
253 1850 305 1922 <bd
327 1852 388 1934 ‘triv
411 1852 467 1922 ἆτ’
487 1852 591 1950 ἀρχῆς
617 1851 791 1942 γενομένην
817 1851 996 1950 παρακοῆν,
1023 1855 1062 1927 ὡς
1086 1854 1129 1928 είς
1147 1882 1262 1948 χωνευ-

111 1966 226 2062 τύριον
257 1972 314 2047 τῆς
347 1973 406 2056 γῆς
438 1965 652 2049 καθίσταται,
688 1965 793 2035 πόλιν
829 1964 1182 2049 ἆνατλασθησόμενον,
1225 1965 1263 2036 ού

110 2083 267 2149 τοιοῦτον
297 2078 523 2177 φθειρόμενον,
558 2073 649 2147 ἀλλὰ
685 2074 840 2176 καθαρόν,
879 2076 933 2147 καί
969 2077 1084 2161 μηκέτι
1123 2079 1262 2176 φθειρό-

110 2219 216 2271 μενον·
261 2193 300 2266 ὡς
348 2188 479 2279 trite-tp
521 2187 653 2273 σόμαπι
691 2192 709 2271 ἧ
748 2188 815 2260 lita
857 2189 956 2286 ψυχὴ
998 2188 1260 2272 ἀποδοθήσεται,

110 2302 163 2371 καί
201 2308 306 2374 τοῦτο
342 2300 535 2386 ε’νόυσαμίνη
578 2301 633 2371 ούκ
674 2301 898 2383 ιἰνιαθὴσεται,
937 2299 1028 2370 ἁλλὰ
1064 2301 1260 2400 χαρήσεται,

110 2413 238 2511 καθαρὰ
271 2417 514 2512 παραμείνασα,
547 2413 695 2512 2νυμφίῳ
724 2412 834 2503 δικαίῳ
863 2412 1099 2496 συνοδεύσασα,
1130 2415 1182 2483 καί
1216 2415 1260 2497 μη

175 2690 260 2757 XII.
301 2689 368 2754 Nos
382 2689 479 2775 igitur
492 2697 525 2754 et
540 2710 668 2774 corpora
680 2710 840 2775 resurgere
855 2688 1053 2754 credidimus.
1091 2686 1163 2752 Etsi
1179 2687 1264 2753 enim

109 2801 355 2879 corrumpuntur,
367 2801 401 2856 at
412 2813 474 2856 non
485 2799 630 2876 pereunt:
647 2798 730 2857 terre
740 2791 823 2855 enim
836 2813 943 2857 eorum
955 2797 1102 2875 exceptas
1117 2788 1264 2874 reliquias

108 2904 221 2974 servet,
238 2895 336 2961 instar
350 2894 446 2980 opimi
460 2893 589 2960 seminis
603 2917 674 2960 cum
689 2893 838 2980 opimiore
852 2901 936 2959 terre
950 2893 1116 2959 commisti.
1143 2886 1264 2958 Rursus

108 2999 154 3063 uti
179 3000 295 3064 nudum
314 3021 445 3086 granum
460 2997 584 3077 seritur,
603 3006 636 3063 et
650 2996 722 3077 Dei,
745 2996 798 3084 qui
821 2996 946 3074 creavit,
966 2995 1056 3082 jussu
1074 2995 1262 3084 germinans,

108 3101 253 3166 vestitum
270 3122 307 3165 ac
322 3100 517 3185 splendidum
534 3099 684 3187 resurgit:
706 3099 762 3165 sed
782 3098 866 3163 baud
886 3098 971 3185 prius
992 3120 1085 3183 quem
1106 3105 1264 3163 mortuum

107 3204 277 3268 resolutum
298 3203 351 3280 sit,
367 3224 404 3267 sc
426 3212 517 3268 terrae
540 3202 762 3277 commistum
787 3202 832 3267 ita
847 3201 1104 3266 resurrectionem
1126 3199 1264 3288 corporis

109 3329 170 3370 non
191 3315 308 3370 temere
325 3306 533 3379 credidimus;
557 3327 663 3369 verum
679 3305 738 3370 etsi
755 3305 918 3371 resolvitur
931 3306 971 3370 ad
986 3313 1121 3391 tempus,
1137 3312 1264 3390 propter

108 3409 192 3472 illam
207 3430 276 3494 quae
291 3428 311 3471 a
325 3406 476 3492 principio
490 3406 550 3469 suit
565 3406 817 3483 inobedientiam,
830 3406 862 3470 in
878 3415 969 3472 terrae
983 3407 1067 3472 velut
1081 3407 1263 3472 conflatorio

108 3510 318 3588 constituitur,
335 3510 436 3574 denuo
447 3509 696 3584 reformandum
718 3532 780 3575 non
793 3511 856 3577 hoc
863 3511 1062 3597 corruptibile
1073 3510 1130 3574 sed
1140 3531 1262 3595 purum,

109 3635 166 3678 nec
180 3612 312 3697 amplius
327 3610 545 3696 corruptibile:
569 3610 652 3676 sicut
666 3632 724 3677 sue
735 3613 903 3698 unicuique
918 3611 1039 3697 corpori
1054 3609 1159 3674 enimc
1173 3609 1262 3674 resti-

109 3725 223 3794 tuetur,
239 3725 270 3782 et
282 3717 334 3782 illo
347 3716 456 3780 indute
466 3714 595 3781 minime
604 3715 732 3803 lugebit,
742 3717 798 3782 sed
809 3717 968 3782 laetubitur
979 3735 1056 3800 pum
1066 3734 1262 3802 permanens,

108 3841 255 3905 sponsum
275 3822 395 3906 justum
411 3826 444 3883 et
466 3840 527 3883 non
544 3817 706 3885 inimicum
724 3820 889 3895 comitans,
920 3819 958 3881 in:
975 3815 1121 3881 omnibus
1144 3815 1264 3881 babens

109 4081 214 4145 Scripsit
241 4081 306 4130 enim
330 4080 457 4129 Imeus
479 4080 589 4129 libellum
610 4082 658 4130 δια·
760 4076 927 4140 'Abearing
944 4074 1124 4124 isobservsble
1137 4089 1204 4138 upon
1219 4074 1263 4123 the

107 4164 195 4223 λέξεων
203 4163 329 4224 διαφόρων,
340 4160 410 4225 cujus
419 4161 551 4210 meminere
560 4159 658 4209 Eum.
710 4158 873 4208 Valentinisn
889 4157 984 4215 notion,
998 4157 1055 4206 thet
1065 4156 1109 4205 the
1123 4156 1178 4205 soul
1189 4156 1213 4205 in
1230 4157 1263 4205 ite

28 4291 31 4297 .
108 4244 142 4293 H.
155 4243 185 4293 E.
199 4259 222 4292 v.
237 4240 276 4302 οὗ,
291 4247 316 4291 et
334 4241 452 4291 Ηιιιιιοιι.
472 4241 500 4290 io
520 4240 609 4302 Octol,
629 4256 660 4290 ex
710 4240 795 4290 future
817 4238 944 4288 condition
961 4238 982 4287 is
998 4237 1111 4287 destined
1131 4243 1157 4286 to
1175 4237 1206 4286 be
1219 4238 1263 4288 the

107 4341 157 4390 quo
184 4324 280 4374 desumi
301 4328 437 4388 potueruut
458 4339 514 4387 quse
536 4322 577 4371 bic
598 4320 658 4370 rute·
711 4322 780 4372 bride
797 4322 826 4371 oi
844 4337 913 4370 rome
934 4320 1031 4384 engelic
1052 4335 1142 4385 power.
1194 4318 1264 4370 Here

107 4412 214 4467 runtur;
231 4405 449 4456 nonoerteeLib.
462 4401 659 4464 mDeuctionis,
711 4404 789 4453 union
811 4403 872 4451 with
894 4401 927 4451 ite
949 4416 1001 4449 ουκ
1023 4400 1122 4465 bodyis
1144 4402 1260 4463 merted,

107 4490 131 4538 in
144 4492 377 4552 quononexstsnt.
412 4486 500 4535 Mnus.
712 4483 792 4533 which
810 4484 896 4547 beresy
912 4481 1008 4531 denied.
1042 4483 1088 4532 See
1106 4483 1149 4532 the
1164 4486 1263 4533 noteto

157 4569 223 4619 ΧΗ.
253 4569 262 4602 ¹
280 4567 470 4618 Hunnotx.l⁷s't.
484 4566 550 4615 Ινιπ.
563 4581 588 4630 p.
602 4562 658 4628 486.
712 4564 755 4615 Fr.
768 4565 803 4614 ix.
