3000 4994
214 336 282 402 328
512 386 515 391 .
660 352 712 405 nn
735 352 939 406 nnuruuoo

79 532 170 618 2}ng
215 509 265 584 E?
294 511 328 584 δὲ
354 511 398 585 πδ
424 514 632 612 πρόσκαιρον
656 517 718 586 τοῦ
745 513 810 616 ζῆν,
837 517 958 604 πολλῷ
988 514 1230 612 α’σθενέστερον
1256 513 1371 595 ἐκείνης
1386 537 1465 576 αισα

68 626 149 712 iiis}
159 625 189 713 ii:
215 629 275 707 Τῆν
307 626 434 703 αι’ωνῖας
464 624 552 727 ζωῆς,
585 627 670 710 ὅμως
701 635 858 699 τοιοῦτον
893 626 1034 710 δυ’ναται,
1072 624 1161 699 ὥστε
1199 626 1372 728 ζωοποιεῖν

53 718 199 805 Q.
217 739 303 822 η’μῶν
324 736 369 810 τδ
396 737 498 821 θνητὰ
521 738 616 822 μὲλη·
644 742 661 821 ἦ
679 740 802 811 τούτου
822 738 1072 839 δραστικωτὲρα
1091 741 1215 815 αιίῖνιος
1244 737 1308 840 ζωὴ
1334 740 1371 810 *ri

216 851 270 922 ὅτι
292 851 329 922 οδ
347 849 503 952 ζωοποιεῖ
528 852 587 933 τὴν
604 847 722 950 σιῖρκα,
742 852 803 934 την
829 850 886 934 ἤδη
910 861 1165 935 μεμελετηκυῖαν
1190 852 1242 922 καῖ
1267 853 1372 922 εῖθισ·

214 964 310 1049 με’νην
326 960 514 1064 βαστάζειν
532 965 593 1045 τὴν
612 962 714 1064 {urim
758 964 843 1036 Ὅτι
869 962 937 1062 γὰρ
960 963 1144 1048 ἐπιδεκτικη
1170 963 1249 1065 ζωῆς·
1277 963 1371 1034 ἔστιν

215 1074 357 1174 ἡσδρξ,
383 1074 417 1145 rix
442 1079 506 1148 τοῦ
531 1074 588 1177 ζην
609 1075 777 1148 δείκνυται·
809 1075 850 1178 ζη
874 1074 917 1161 δὲ,
944 1079 998 1175 ἐφ’
1024 1078 1106 1148 ὅσον
1132 1077 1231 1159 crimin
1249 1080 1267 1147 ὁ
1286 1075 1465 1153 Oeneum

216 1188 305 1259 θὲλει
334 1187 401 1288 ζην.
452 1188 537 1260 Ὅτι
566 1185 601 1259 δὲ
625 1189 679 1258 καῖ
705 1191 724 1259 ὁ
748 1188 832 1266 θεὸς
855 1187 991 1266 δυνατὸς
1017 1191 1176 1289 παρέχειν
1198 1191 1280 1282 αὐτῇ
1310 1192 1371 1271 την

217 1299 307 1402 ζωὴν,
338 1298 448 1382 δηλον·
475 1300 595 1372 ε’κεῖνου
622 1298 690 1398 γὰρ
715 1303 924 1401 παρέχοντος
953 1306 1026 1384 ἡμῖν
1052 1303 1113 1385 την
1139 1302 1221 1403 ζωην
1246 1297 1369 1406 [suppl.

217 1406 351 1516 ζῶμεν].
380 1411 449 1484 Καῖ
468 1419 531 1485 τοῦ
547 1413 634 1513 Θεοῦ
653 1411 708 1484 οὖν
726 1411 863 1486 δυνατοῦ
878 1416 973 1491 ὄντος
986 1413 1157 1515 ζωοποιεῖν
1168 1414 1211 1486 τδ
1224 1411 1370 1498 πλάσμα

217 1527 297 1597 ΙῙτοῦ
317 1527 443 1609 ἑαυτοῦ,
457 1526 511 1596 καῖ
532 1534 590 1608 τῆς
605 1525 727 1625 σαρκδι
747 1524 916 1610 δυναμένης
935 1525 1179 1628 ζωοποιεΐσθαι,
1198 1527 1235 1599 πῖ
1247 1526 1371 1598 λοιπδν

215 1636 259 1710 τδ
279 1636 408 1709 καῖλυον
432 1639 532 1721 αι’ντῖην
547 1639 700 1734 μετέχειν
721 1646 780 1721 τῆς
797 1638 1001 1738 ἆφθαρσῖας,
1024 1639 1093 1722 ἥτις
1111 1641 1185 1712 ἐστὶ
1205 1640 1370 1737 ’μακαρία

216 1751 269 1821 καῖ
288 1750 509 1832 ἆτελειῖτητος
529 1750 592 1851 ζωὴ
611 1750 678 1822 rimi
699 1751 788 1822 Θεοῦ
805 1749 974 1834 διδομένη;

216 1943 394 2029 temporalis
416 1943 489 2021 vito,
514 1965 587 2010 cum
611 1943 654 2009 sit
675 1944 774 2008 multo
796 1944 946 2009 infirmior
968 1965 1061 2031 quum
1083 1943 1135 2008 illa
1157 1951 1275 2008 aeterna
1293 1943 1369 2021 vita,

215 2055 321 2111 tamen
336 2054 458 2111 tantum
473 2054 656 2133 potensest,
672 2055 708 2112 ut
722 2047 855 2112 vivificet
871 2056 976 2113 nostra
991 2049 1128 2113 membra
1140 2047 1297 2122 mortalia;
1314 2069 1370 2112 cur

216 2147 269 2212 illa
292 2170 361 2234 quae
383 2157 432 2214 est
452 2158 570 2214 aetema
591 2150 665 2226 vita,
689 2171 752 2215 non
774 2150 940 2215 vivificabit
965 2172 1034 2214 eam
1056 2172 1190 2228 carnem,
1212 2172 1281 2236 quae
1301 2151 1370 2234 jam

215 2251 367 2316 meditata
380 2259 413 2318 et
427 2260 553 2318 assueta
567 2252 608 2318 eit
623 2262 746 2338 portare
760 2253 876 2318 vitam?
913 2253 1067 2334 Quoniam
1084 2261 1189 2316 autem
1204 2251 1370 2338 participa·

215 2353 279 2417 trix
293 2354 366 2418 vitae
386 2354 429 2419 sit
450 2377 532 2433 caro,
555 2378 595 2419 ex
617 2354 677 2420 hoc
695 2354 779 2441 quod
798 2356 891 2434 vivat,
914 2355 1102 2420 ostenditur:
1127 2355 1201 2418 vivit
1220 2354 1314 2431 enim,
1337 2354 1371 2418 in

216 2465 365 2542 quantum
389 2459 477 2524 Deus
494 2458 560 2524 vult
581 2459 692 2525 vivere.
731 2458 886 2542 Quoniam
903 2468 1009 2524 autem
1027 2468 1059 2525 et
1082 2460 1170 2523 Deus
1189 2467 1369 2545 potensest

215 2569 364 2647 proestare
387 2562 415 2627 ei
437 2563 544 2640 vitam,
571 2562 769 2628 manifestum
791 2570 850 2628 est.
897 2561 955 2626 lllo
978 2562 1060 2626 enim
1081 2570 1250 2647 praestante
1273 2561 1369 2626 vitam

214 2666 305 2731 nobis
324 2665 377 2750 qui
401 2665 542 2742 vivimus,
566 2674 599 2731 et
619 2665 774 2731 Dominus
796 2664 902 2751 itaque
926 2687 996 2729 cum
1020 2665 1062 2728 sit
1083 2672 1192 2750 potens
1215 2664 1368 2729 vivificare

214 2766 333 2853 plasma
355 2791 456 2847 suum,
478 2776 511 2833 et
532 2790 604 2833 caro
627 2791 698 2833 cum
723 2768 822 2854 possit
845 2768 1001 2846 vivificari,
1026 2767 1099 2854 quid
1122 2776 1262 2853 superest
1285 2768 1368 2854 quod

214 2870 377 2953 prohibeat
391 2893 460 2935 eam
475 2871 632 2957 percipere
649 2870 897 2956 incorruptelam,
918 2892 988 2957 quoe
1008 2879 1057 2935 est
1071 2870 1164 2957 longa
1178 2879 1211 2935 et
1225 2870 1291 2934 siue
1306 2871 1368 2934 fine

213 2992 234 3035 a
250 2970 319 3036 Deo
335 2971 453 3037 tributa
468 2973 549 3037 vitai

699 3134 800 3200 cru.
825 3090 910 3201 iv(

212 3266 411 3342 δἀῖῖυιιίιιν
423 3267 488 3369 qui
496 3284 635 3369 proter
652 3270 785 3346 mundi
790 3272 1060 3369 fabricatorem
1073 3273 1228 3347 aterum
1244 3273 1369 3347 Deum

287 3385 445 3461 Patre-m
462 3388 687 3485 corpiopuot:
716 3416 822 3497 quem
844 3389 1034 3487 infirmum
1052 3403 1084 3464 et
1107 3389 1282 3482 inutilem,
1302 3405 1368 3464 out

285 3503 490 3601 motionum
513 3519 545 3580 et
569 3505 738 3581 iou-idum
760 3534 832 3584 csse
853 3533 990 3582 neccsse
1013 3520 1071 3598 est,
1097 3507 1131 3581 si
1156 3507 1369 3606 corporibus

287 3622 420 3697 uostris
444 3623 560 3699 citam
586 3638 759 3700 eternam
778 3638 961 3724 prostare
987 3625 1042 3698 vel
1068 3625 1286 3724 conpescit,
1314 3625 1369 3699 oct

288 3738 389 3813 nolit.

210 3903 373 3968 ³Lrnmrn
387 3913 493 3971 autem
510 3907 704 3994 semetipsos,
721 3906 773 3993 qui
789 3907 922 3973 alterum
936 3908 1090 3996 affingunt
1110 3916 1240 3993 patrem,
1255 3915 1369 3994 praeter

211 4004 427 4094 Demiurgum,
457 4015 490 4072 et
516 4010 633 4073 bouum
664 4031 737 4074 eum
763 4018 891 4085 vocant;
931 4009 1088 4073 infirmum
1111 4017 1144 4074 et
1172 4009 1312 4074 inutilem
1336 4017 1369 4074 et
1428 4032 1429 4035 ’

209 4108 419 4196 negligentem
441 4111 608 4176 inferentes
630 4133 719 4175 eum:
753 4120 789 4176 ut
811 4133 875 4177 non
895 4112 1046 4188 dicamus,
1070 4112 1215 4199 quoniam
1241 4112 1369 4177 lividum

209 4217 243 4275 et
262 4213 427 4292 ⁴invidum,
441 4213 475 4277 in
489 4235 527 4279 eo
541 4215 626 4301 quod
640 4215 746 4280 dicant
761 4236 824 4279 uon
838 4214 984 4280 vivificari
999 4216 1039 4279 ab
1054 4237 1092 4281 eo
1106 4222 1214 4280 nostra
1228 4236 1368 4300 corpora.

259 4381 268 4412 ¹
287 4383 403 4430 Snrnnnr
414 4383 451 4434 rt.
862 4384 873 4415 ⁴
889 4383 1010 4446 inriorem,
1024 4385 1110 4449 copied
1121 4386 1185 4432 from
1198 4383 1308 4432 Pnuro'c
1319 4383 1369 4433 dic·

260 4460 271 4491 ⁹
288 4462 338 4512 Ine
352 4466 440 4527 μακρά.
813 4471 869 4514 tum
880 4467 906 4515 in
915 4466 978 4515 Tim.
992 4468 1077 4527 ἀγαθῷ
1087 4468 1113 4515 δὲ
1125 4467 1198 4514 οὐδεὶς
1210 4466 1264 4526 περὶ
1276 4466 1369 4516 οὐδενὸς

258 4541 270 4575 ³
285 4545 430 4596 λανθάνουσι
440 4548 466 4596 δὲ
478 4547 582 4598 ἑαυτούς.
814 4549 929 4598 οὐδέποτε
945 4550 1087 4612 ἐγγίγνεται
1103 4549 1197 4610 φθόνος.
1221 4563 1246 4610 p.
1254 4561 1285 4609 29
1297 4559 1322 4597 υ.
