3000 4994
275 477 342 542 284
624 490 707 544 CUM
732 490 879 544 onam
904 490 1074 545 CONSTAT

134 666 198 753 132¹
200 664 239 752 ii
279 648 488 751 δηνάριον,
468 682 548 748 εχον
584 653 690 722 εἰκόνα
728 652 782 722 καὶ
821 652 1016 752 ἐπιγραφὴν
1053 658 1117 725 τοῦ
1152 653 1329 740 βασιλέως,
1368 650 1431 735 τὴν

138 759 234 846 “iffi
279 768 402 855 ’γνῶσιν
433 770 496 836 τοῦ
527 767 596 835 υἱοῦ
632 770 697 837 τοῦ
729 764 876 849 Θεαῦ,“
857 797 928 849 ητις
955 767 992 847 ἧν
1025 765 1215 864 ἆφθαρσῖα.
1273 765 1344 835 Kal
1375 762 1430 835 διὰ

122 852 251 943 affige.
276 907 382 948 Tovro
408 875 477 948 dno
506 880 571 949 Τῶν
599 873 754 973 ἐσχάτων
788 874 916 976 ἧρεαῒθ
952 875 1151 948 dedovat
1112 909 1173 948 Τθν
1206 907 1269 961 μισ
1271 876 1394 960 001¹
1372 907 1428 948 O‘l'l

275 987 326 1059 ἐπ’
349 986 504 1085 ἐσχάτων
525 995 644 1089 καιρῶν
665 990 898 1089 φανερωθεὶς’
881 1022 900 1060 o
920 989 1044 1087 Κύριος
1074 1000 1147 1067 τοῖς
1176 993 1280 1060 πᾶσιν
1310 987 1429 1061 ἑαυτὸν

274 1100 562 1185 ἀποκατέστησεν.

271 1330 392 1375 memes
414 1332 495 1385 una;
520 1333 629 1377 omnes
649 1310 733 1376 enim
754 1316 941 1396 acceperunt
964 1309 1103 1396 singulos
1123 1309 1275 1387 denarios,
1301 1307 1427 1395 ¹imagi·

271 1433 344 1476 nem
364 1420 398 1477 et
417 1411 649 1498 inscriptionem
666 1413 759 1499 regis,
781 1412 973 1499 agnitionem
989 1411 1063 1476 Filii
1086 1412 1146 1477 Dei
1167 1433 1236 1498 quae
1256 1419 1306 1475 est
1324 1410 1426 1475 incor-

270 1515 402 1600 ruptela.
446 1515 492 1580 Et
506 1524 632 1602 propter
645 1516 704 1581 hoc
720 1536 741 1579 a
755 1514 930 1579 novissimis
950 1513 1047 1598 coepit
1061 1514 1135 1579 dare
1148 1515 1333 1590 mercedem,
1349 1535 1424 1599 quo·

269 1616 355 1682 niam
381 1618 415 1681 in
437 1617 613 1683 novissimis
634 1617 826 1703 temporibus
847 1616 1064 1681 manifestatus
1087 1617 1251 1695 Dominus,
1282 1616 1426 1683 omnibus

269 1720 471 1806 semetipsum
488 1719 731 1804 repraesentavit.

124 1838 152 1867 ¹¹⁰
166 1839 196 1868 τ’
220 1857 225 1868 ·
338 1825 389 1886 10.
435 1820 480 1886 Et
494 1821 685 1886 Publicanos
699 1830 806 1885 autem
821 1819 874 1906 qui
888 1821 922 1884 in
940 1820 1081 1887 oratione
1101 1821 1297 1886 Pharisaeum
1317 1844 1424 1907 super·

269 1923 344 1999 avit,
359 1946 423 1990 non
437 1923 583 2011 quoniam
597 1924 729 1988 alterum
746 1923 875 1988 Patrem
889 1924 1048 1998 adorabat,
1069 1923 1282 1988 testimonium
1302 1923 1425 2010 accepit

267 2046 289 2090 a
309 2025 445 2089 Domino
460 2025 542 2141 quod
561 2025 602 2089 sit
622 2024 724 2111 magis
739 2024 950 2111 justificatus;
974 2025 1029 2090 sed
1050 2027 1194 2111 quoniam
1216 2048 1288 2090 cum
1310 2047 1425 2113 magna

268 2126 492 2204 humilitates
466 2149 533 2192 erne
545 2127 725 2191 extollentia
739 2135 772 2192 et
783 2126 850 2191 sine
858 2128 1021 2213 jactantia,
1041 2128 1309 2214 ²exhomologesin
1323 2130 1424 2194 eidem

104 2247 218 2288 nram
225 2248 249 2288 aa
269 2230 340 2296 Deo
354 2230 498 2296 faciebat.
535 2231 580 2295 Et
599 2231 729 2295 duorum
745 2238 850 2295 autem
868 2230 1000 2295 filiorum
1018 2230 1173 2316 parabola,
1193 2253 1298 2296 eorum
1316 2232 1369 2317 qui
1390 2232 1422 2296 in

103 2306 146 2344 ”q
268 2333 389 2399 vineam
405 2334 581 2411 mittuntur,
593 2354 724 2420 quorum
732 2333 811 2398 alter
825 2333 949 2420 quidem
960 2333 1149 2399 contradixit
1164 2335 1254 2418 patri,
1267 2344 1299 2399 et
1314 2345 1423 2421 postea
1436 2358 1462 2398 o
1470 2360 1499 2404 α

268 2437 447 2524 poenitetur
471 2438 594 2522 quando
616 2436 692 2501 nihil
712 2435 876 2521 proluit
847 2459 877 2502 er
898 2435 1097 2521 poenitentia;
1120 2437 1200 2501 alter
1215 2446 1321 2502 autem
1335 2437 1423 2522 polli-

269 2539 351 2605 citus
372 2549 421 2605 est
443 2540 554 2617 ubire,
575 2539 684 2605 statim
701 2538 885 2625 promittens
902 2537 993 2624 patri,
1014 2559 1077 2602 non
1095 2538 1174 2602 abiit
1190 2548 1305 2616 autem,
1331 2546 1423 2626 (quo-

104 2667 174 2709 aaa
176 2670 225 2710 .r.
269 2643 352 2707 niam
374 2644 471 2708 manis
491 2644 575 2707 homo
596 2643 749 2715 mandam
780 2650 814 2705 et
842 2640 919 2704 velle
941 2640 1096 2724 quidem
1087 2662 1119 2703 rn
1141 2650 1266 2726 promtu
1287 2643 1421 2729 adjacet,

103 2680 210 2755 mil
221 2717 249 2755 ω
268 2768 330 2811 non
346 2746 463 2812 invenit
479 2755 584 2811 autern
604 2745 766 2831 perficere)
783 2765 878 2807 unum
900 2751 934 2807 et
953 2744 1086 2807 eundern
1105 2744 1258 2808 ³ostendit
1281 2744 1420 2810 Patrem
1435 2769 1465 2809 u
1477 2770 1498 2809 a

102 2870 154 2912 ιιι
163 2873 229 2913 nne
268 2851 333 2915 Sed
351 2859 384 2914 et
403 2850 522 2914 arboris
536 2849 589 2913 fici
607 2846 763 2933 parabola,
779 2846 818 2910 de
836 2867 899 2932 qua
919 2845 1073 2909 Dominus
1092 2846 1146 2924 ait,
1168 2846 1296 2924 Ecoa'
1273 2870 1344 2930 yom
1364 2848 1421 2911 tri-

266 2953 504 3030 actionario,
523 2972 660 3037 qooerene
672 2950 848 3033 fractam
834 2971 869 3012 aa
883 2949 941 3012 loc
955 2945 1065 3011 ardore
1076 2950 1144 3030 fici,
1167 2959 1194 3013 el
1211 2951 1419 3028 contravenio,

268 3060 338 3138 (per
348 3053 515 3139 prophetas
526 3052 693 3116 adventum
704 3072 794 3114 suum
806 3050 995 3136 significans,
1009 3070 1063 3134 per
1076 3071 1154 3134 quos
1165 3051 1248 3114 venit
1256 3050 1421 3167 aliquoties

265 3155 431 3241 exquirens
442 3154 573 3241 justitiae
588 3154 722 3217 fructum
736 3152 819 3216 ab
792 3173 951 3236 e1s‚quem
967 3173 1029 3215 non
1044 3151 1188 3231 invenit‚)
1198 3162 1306 3237 aperte
1320 3154 1419 3217 mani-

265 3259 391 3323 festavit
405 3268 438 3323 et
450 3257 596 3344 quoniam
611 3256 773 3321 excidetur
783 3257 875 3320 arbor
890 3254 940 3319 fici
953 3263 1079 3340 propter
1089 3256 1269 3340 praedictam
1281 3277 1419 3323 causam.

100 3379 132 3419 nu
117 3390 150 3420 ιιι
161 3380 246 3469 ιιααι
266 3358 351 3425 Et
325 3383 392 3427 snre
406 3361 553 3446 parabola
570 3366 675 3425 autem
690 3359 813 3423 dicebat
827 3359 867 3423 ad
883 3358 1082 3422 Hierusalem
1102 3359 1276 3423 Dominus:
1300 3359 1419 3423 Hiero-

99 3429 239 3514 'filum
169 3476 242 3525 παν
263 3463 367 3542 καὶαι,
388 3464 538 3529 Ηίααααῐ
537 3485 592 3540 ern,
607 3484 676 3550 quor
689 3462 834 3543 imorficia
845 3460 1020 3547 prophetas,
1036 3471 1065 3526 el
1077 3462 1199 3547 hpidoe
1218 3463 1331 3547 eosqui
1345 3463 1416 3526 roit-

264 3568 490 3645 leudomalla,
513 3568 625 3655 quotics
644 3565 727 3630 colati
745 3564 791 3629 col
790 3565 884 3650 licere
895 3565 950 3646 fil
937 3587 980 3628 ros
995 3575 1068 3642 laos,
1087 3567 1165 3629 sicat
1179 3566 1304 3651 qollino
1314 3565 1419 3651 pallos

263 3674 346 3735 *eoos
358 3668 412 3735 aad
425 3670 519 3747 ⁴aloa,
540 3679 567 3734 et
580 3667 729 3733 noluisti?
772 3666 861 3747 Ecce,
875 3667 1084 3754 lrelinquetor
1101 3667 1183 3732 cobis
1201 3669 1304 3733 dorcam
1318 3680 1417 3734 oestro

263 3774 393 3839 descrto.
430 3774 521 3856 Quod
536 3773 619 3838 enim
631 3793 687 3856 per
700 3771 878 3856 parabolam
887 3771 1004 3836 dictum
1019 3772 1128 3846 luerat,
1145 3771 1234 3847 Ecce,
1250 3774 1417 3837 triennium

263 3878 349 3941 eonio
363 3877 657 3964 qaoercnefroclom
673 3882 705 3938 et
720 3872 882 3938 manifeste
897 3874 1027 3937 iterum:
1053 3875 1171 3953 Quoties
1184 3874 1267 3938 eolo-i
1280 3875 1418 3961 eolliyere

251 3979 339 4063 filios
353 3989 427 4056 tuoe,
442 3980 470 4044 si
485 3999 548 4042 non
567 3977 661 4063 hujus
680 3976 848 4040 adventum
867 3976 919 4060 qui
934 3997 989 4060 per
1003 3975 1171 4061 prophetas
1192 3986 1242 4041 est
1265 3977 1418 4065 intelliga-

261 4102 342 4160 mus,
358 4082 417 4145 erit
432 4080 648 4146 mendacium:
671 4077 824 4162 siquidem
841 4077 946 4154 semel,
962 4087 996 4142 et
1016 4085 1090 4143 tunc
1112 4079 1255 4163 primum,
1271 4081 1357 4145 venit
1376 4081 1417 4145 ad

311 4247 698 4310 ¹Thetranslatorlostlxcrin
711 4246 795 4296 εἰκόνα.
863 4248 1002 4311 quotation,
1014 4248 1068 4314 289.
1094 4248 1286 4298 Itistherelore
1295 4252 1416 4303 retained.

311 4331 323 4363 ¹
339 4332 384 4381 See
395 4345 414 4381 1.
431 4345 485 4393 ινα,
498 4349 522 4381 n.
537 4346 556 4382 1.
863 4332 914 4378 An.
926 4329 975 4377 and
984 4329 1063 4379 Voss.
1072 4331 1137 4379 have
1145 4331 1307 4379 remr'ttitarin
1318 4334 1417 4382 accord·

310 4412 405 4462 'abire
415 4413 527 4473 omitted,
541 4413 586 4461 Cn.
613 4408 746 4467 mona,
759 4410 811 4459 AB.
863 4426 924 4459 ance
939 4412 1000 4459 with
1017 4412 1062 4460 the
1079 4411 1161 4460 Greek
1180 4413 1285 4473 ἀφίεται,
1306 4415 1357 4462 and
1375 4416 1418 4464 tha

310 4494 400 4555 ⁴saroa,
411 4496 456 4545 On.
475 4495 582 4555 ascillas
595 4495 657 4554 Aa„
671 4508 713 4541 see
725 4493 812 4555 289,5.
863 4491 964 4541 cmm.
986 4493 1031 4541 has
1049 4493 1092 4540 the
1111 4508 1178 4540 sama
1198 4508 1226 4540 aa
1243 4509 1259 4541 a
1278 4497 1416 4545 correction

310 4574 409 4636 'nodia
416 4576 521 4626 omitted
528 4576 586 4637 Gn.;
598 4575 648 4625 Gn.
655 4573 812 4636 relinquetur,
862 4590 930 4638 upon
947 4575 1088 4634 dimittetur,
1105 4573 1187 4622 which
1206 4590 1258 4625 was
1279 4576 1336 4626 first
1350 4579 1416 4627 writ-

256 4672 289 4721 er,
309 4672 368 4736 aya
391 4650 579 4718 musto
596 4673 646 4723 ιιι
662 4673 705 4723 ιιι
720 4671 815 4721 armar
862 4662 913 4717 en,
927 4655 977 4705 and
987 4656 1014 4704 in
1024 4656 1068 4705 the
1078 4672 1146 4705 same
1156 4656 1232 4706 hand·
