3000 4994
237 329 304 394 258
448 343 468 396 J
473 341 639 397 umorum
666 341 708 393 IN
736 340 1008 395 GNOSTICORUM
1035 341 1183 394 GREGES

89 518 193 604 mppr.
231 522 304 565 earo
324 520 387 563 non
401 506 495 576 esset,
511 498 566 564 sed
582 501 672 563 ¹oum
690 504 812 584 pareret
827 496 916 583 quasi
935 496 1037 570 homo,
1053 496 1219 561 crucifixus
1234 500 1292 573 est,
1306 500 1340 557 et
1353 497 1385 558 ²e

66 593 216 699 ffigsppst
230 605 326 669 latere
341 605 409 690 ejus
424 612 539 690 puncto
553 603 684 690 sanguis
697 601 774 665 exiit
789 609 821 665 et
835 602 933 688 aqua?
968 602 1058 682 Quod
1074 608 1180 665 autem
1193 604 1323 684 ³corpus
1337 621 1385 663 se·
1398 617 1428 656 u.
1437 619 1480 663 ττι.

91 706 166 745 “¹¹¹¹
176 687 202 745 ἃ·
230 706 384 794 pelierunt
398 706 592 791 sepultores?
616 713 647 769 et
663 704 738 791 quid
753 703 827 768 illud
842 712 910 770 erat
924 705 1007 791 quod
1021 704 1155 768 surrexit
1169 725 1189 768 a
1204 703 1356 767 mortuis!

65 817 208 859 ἕψω
296 813 327 876 2.
371 809 536 874 Judioabit
563 816 668 873 autem
692 815 725 872 et
754 828 808 872 eos
838 807 890 892 qui
918 816 992 872 sunt
1018 829 1038 871 a
1063 806 1234 872 Valentino
1264 829 1383 884 omnes,

230 913 321 997 ⁴quia
335 911 443 998 lingua
462 911 587 996 quidem
608 910 794 974 confitentur
813 931 910 973 unum
931 909 1034 973 Deum
1057 908 1197 986 Patrem,
1217 918 1304 974 etex
1324 910 1384 974 hoc

229 1016 349 1093 omnim
370 1017 472 1101 ipsum
490 1022 596 1079 autem
615 1013 669 1100 qui
683 1012 777 1078 ⁶fecit
795 1012 909 1090 omnia,
929 1012 1111 1077 delectionis
1130 1013 1194 1076 sive
1209 1012 1289 1076 labis
1303 1013 1384 1075 sruc-

229 1130 296 1186 tum
312 1141 381 1184 esse
397 1117 520 1181 dicunt:
540 1125 573 1181 et
587 1139 683 1181 unum
700 1115 870 1181 Dominum
886 1114 910 1178 J
911 1137 998 1181 esum
1015 1115 1174 1180 Christum
1190 1115 1307 1178 Filium
1322 1114 1384 1180 Dei

228 1222 372 1288 similiter
400 1219 506 1306 lingua
527 1219 721 1296 confitentes,
751 1214 907 1303 propriam
933 1216 1058 1303 quidem
1091 1216 1288 1281 emissionem
1313 1239 1383 1281 seu-

228 1324 328 1390 tentia
343 1344 401 1387 sua
417 1321 591 1407 Uuigenito
610 1320 772 1398 donantes,
793 1320 950 1406 propriam
968 1342 1040 1385 vero
1054 1318 1191 1395 ⁶Verbo,
1207 1328 1239 1384 et
1252 1320 1383 1384 alteram

229 1427 364 1505 christo,
379 1425 508 1490 alteram
523 1446 596 1489 vero
612 1423 780 1498 Salvatori;
796 1423 841 1489 ita
855 1432 892 1489 ut
905 1424 1075 1489 secundum
1090 1445 1144 1489 eos
1159 1424 1301 1489 dicautur
1315 1423 1382 1509 qui-

228 1532 299 1597 dem
315 1528 419 1595 omnia
436 1549 505 1592 esse
520 1527 608 1612 quasi
628 1548 734 1605 unum,
755 1548 1006 1613 unumquemque
1020 1534 1125 1591 autem
1142 1527 1279 1611 ipsorum
1294 1547 1382 1612 sepa-

227 1634 321 1700 ratim
339 1630 481 1718 intelligi,
504 1639 537 1696 et
559 1630 715 1716 propriam
734 1630 849 1695 habere
868 1630 1079 1709 emissionem,
1100 1630 1270 1695 secundum
1292 1651 1382 1695 suam

228 1734 494 1823 conjugationem.

292 1841 324 1905 3.
368 1836 529 1923 ¹Linguas
550 1835 656 1921 itaque
676 1856 784 1900 eorum
805 1834 949 1901 videlicet
972 1834 1055 1900 solas
1080 1834 1114 1899 in
1140 1835 1293 1899 unitatem
1315 1857 1379 1899 ces
1394 1869 1473 1910 m

226 1943 322 2016 sisse;
355 1939 543 2006 sententiam
571 1960 644 2004 vero
669 1961 776 2003 eorum
805 1946 838 2005 et
867 1960 995 2004 sensum
1027 1960 1097 2024 quse
1126 1939 1279 2023 profunda
1306 1946 1382 2003 sunt

226 2044 357 2111 scrutari
372 2043 566 2108 decidentem
586 2043 627 2107 ab
640 2041 772 2120 unitate,
794 2042 946 2108 ⁸incidere
961 2041 995 2106 in
1014 2041 1201 2107 multiforme
1220 2041 1281 2107 Dei
1297 2043 1381 2128 judi-

226 2146 319 2224 cium,
335 2167 407 2210 cum
422 2145 460 2209 de
475 2144 525 2209 his
539 2166 609 2230 quae
623 2142 808 2229 sibimetipsi
823 2143 1058 2221 adinvenemnt,
1074 2142 1346 2231 interrogabuntur
1360 2166 1381 2209 a

226 2247 366 2315 Ohristo:
390 2269 482 2333 quem
498 2255 531 2311 et
543 2254 652 2332 postea
666 2254 775 2311 natum
791 2269 885 2332 quam
898 2245 1043 2311 Pleroma
1058 2248 1203 2311 AEonum
1215 2247 1331 2325 dicunt,
1347 2257 1380 2313 et

225 2350 424 2416 emissionem
446 2349 514 2434 ejus
535 2356 606 2436 post
628 2348 865 2414 diminutionem
885 2348 950 2413 sive
973 2349 1187 2424 defectionem,
1204 2356 1237 2412 et
1255 2358 1381 2435 propter

224 2471 295 2515 eam
308 2449 484 2535 passionem
499 2470 569 2534 quse
584 2448 669 2513 sacta
688 2456 738 2512 est
753 2448 785 2511 in
801 2447 928 2532 Sophia,
943 2448 1146 2533 ⁰semetipsos
1161 2448 1380 2514 obstetricatos

224 2575 293 2618 esse
306 2553 474 2617 affirmant.
510 2551 686 2616 Accusabit
702 2559 808 2615 autem
830 2572 884 2615 eos
905 2549 1065 2614 Homerus
1083 2549 1224 2635 proprius
1242 2549 1379 2634 ipsorum

223 2656 384 2742 propheta,
403 2678 500 2742 aquo
517 2655 630 2720 eruditi
651 2654 727 2719 talia
741 2654 933 2736 iuvenemnt,
955 2653 1022 2739 ipso
1038 2653 1161 2718 dicente
1175 2654 1256 2718 haec:
1282 2654 1379 2718 ¹⁰Ini-

222 2761 317 2824 mioos
334 2769 376 2823 est
390 2760 470 2823 enim
490 2759 542 2823 ille
557 2758 633 2823 nelli
652 2758 794 2823 similiter
810 2767 901 2843 atque
913 2757 1003 2840 fores
1021 2759 1200 2842 inferorum,
1217 2759 1270 2844 qui
1289 2758 1382 2822 alind

222 2863 344 2949 quidem
366 2861 577 2926 absconditio
602 2860 891 2940 cordoanarius
914 2869 1014 2924 autem
1035 2871 1174 2926 enarrat.
1216 2860 1379 2926 Judioabit

221 2973 328 3030 autem
343 2972 376 3029 et
391 2964 567 3050 vaniloquia
588 2985 753 3048 pravorum
777 2963 1007 3042 Gnosticorum,
1024 2963 1161 3029 Simonis
1183 2986 1238 3029 eos
1254 2968 1277 3005 ¹¹
1287 2964 1377 3051 Magi

222 3067 392 3152 discipulos
406 3068 583 3132 ostendeus.

271 3238 281 3271 ¹
298 3240 316 3290 f.
325 3241 342 3290 l.
355 3248 507 3304 compareret,
518 3241 552 3290 cf.
560 3240 619 3290 Ino.
632 3240 761 3291 Larinum.
876 3237 887 3271 ⁹
900 3238 984 3288 αὐτοὺς
990 3241 1168 3299 praecaneret
1175 3241 1377 3303 διαβεβαιοῦνται.

270 3319 282 3352 ¹
298 3337 310 3370 e
321 3323 425 3372 omitted
436 3323 462 3371 in
473 3322 516 3372 the
528 3323 627 3372 cmm
641 3338 712 3387 copy,
725 3320 776 3370 aud
827 3320 865 3369 cf.
878 3319 1175 3377 1.111‚thewell·known
1184 3320 1292 3370 Socratic
1304 3327 1376 3373 term.

220 3405 263 3453 the
282 3403 387 3467 original
404 3403 514 3469 possibly
530 3420 584 3466 ml,
604 3407 645 3455 nal
663 3405 775 3466 melent
851 3415 969 3469 1⁰'Exdphr
976 3416 1017 3468 γάρ
1025 3417 1200 3467 μοικαῖνοςὸμῶς
1209 3417 1269 3459 ditae
1277 3421 1371 3471 πύλῃσιν

220 3487 294 3534 αὐτοῦ
311 3487 353 3545 τῆς
370 3489 482 3549 πλευρᾶς.
821 3483 861 3529 'Or
870 3484 1122 3537 χ’ἔτερανμὲνκιύθιιένὶ
1130 3486 1213 3538 φρεσὶν,
1223 3485 1378 3537 modestice.

268 3566 279 3600 ³
295 3569 348 3618 Au.
361 3567 433 3617 alone
444 3570 518 3618 omits
529 3585 623 3632 eorpus
1192 3554 1224 3604 Il·
1238 3556 1272 3604 ¹¹·
1287 3569 1343 3616 3¹²·

268 3646 395 3697 ‘Onusta
409 3649 505 3711 puidam
520 3651 579 3712 quio
592 3649 687 3713 linquo,
702 3665 770 3698 over·
873 3650 970 3700 Homer
994 3667 1044 3700 was
1072 3653 1116 3700 the
1142 3653 1202 3716 high
1231 3653 1377 3701 traditional

218 3728 322 3793 looking
333 3730 375 3778 the
388 3730 509 3793 opodorir.
824 3733 954 3797 authority
964 3737 992 3781 to
1003 3733 1085 3781 which
1096 3733 1245 3798 philosophy
1262 3735 1377 3782 continu·

266 3811 346 3860 ’Am
353 3811 448 3875 fecerit.
483 3813 521 3862 cf.
535 3826 554 3863 1.
570 3812 624 3874 163.
640 3828 661 3866 1.
823 3809 875 3874 ally
889 3810 1025 3874 appealed;
1045 3811 1130 3871 hence,
1150 3812 1247 3875 though
1266 3828 1300 3860 on
1317 3827 1378 3876 very

266 3892 277 3925 ⁶
300 3893 373 3943 Verbo
384 3895 489 3944 omitted
499 3896 526 3944 in
538 3897 583 3944 the
593 3896 647 3944 AB.
822 3891 937 3942 different
947 3893 1065 3957 grounds,
1082 3894 1202 3943 “Homer
1213 3910 1263 3942 was
1275 3900 1303 3943 to
1314 3896 1377 3942 anti·

265 3974 277 4007 ⁷
293 3975 392 4036 linquae
402 3977 490 4038 doque,
504 3977 556 4037 doc,
575 3977 654 4024 αὐτῶν
671 3976 712 4023 οὖν
728 3975 772 4024 rdr
822 3973 903 4037 quity,
917 3979 963 4022 not
982 3978 1009 4022 at
1024 3974 1057 4022 all
1073 3975 1159 4024 unlike
1169 3976 1237 4024 what
1249 3976 1291 4023 the
1304 3975 1377 4024 Bible

217 4057 331 4116 γλώττας
349 4058 459 4116 δηλονότι
474 4058 546 4116 μόνας
565 4059 596 4106 εἰς
615 4057 717 4115 ἑνότητα
735 4072 771 4105 κε·
821 4054 843 4104 is
857 4059 884 4103 to
899 4055 954 4105 us.”
988 4055 1102 4117 Buram,
1117 4057 1151 4106 II.
1165 4056 1214 4106 Ple.
1228 4069 1245 4106 1.
1260 4057 1330 4105 Lect.
1340 4057 1373 4107 iv.

217 4138 359 4198 χωρηκέναι,
385 4140 430 4197 τὴν
458 4139 484 4186 δὲ
508 4139 605 4198 γνώμην
628 4138 706 4185 αὐτῶν
730 4136 771 4184 καὶ
821 4152 846 4201 p.
861 4151 915 4202 294

217 4219 304 4277 νόησιν,
318 4219 354 4278 τῷ
365 4220 443 4277 ζητεῖν
457 4220 490 4266 τὰ
509 4220 582 4281 βάθη,
601 4217 640 4280 ἀφ’
660 4218 770 4276 ἐτὸτητος
870 4216 891 4249 ¹¹
910 4218 955 4266 See
966 4230 985 4268 1.
1000 4232 1055 4284 219,
1069 4233 1091 4281 3.
1122 4219 1190 4268 Both
1203 4220 1246 4268 the
1261 4219 1305 4269 Ch.
1325 4219 1376 4268 and

218 4299 409 4355 necromanticae,
424 4297 524 4357 φθάσαι,
539 4299 622 4354 κ.τ.λ.,
637 4295 718 4344 where
727 4296 770 4344 the
820 4298 928 4348 Altum).
952 4300 1032 4364 copies
1049 4300 1088 4348 for
1110 4301 1184 4363 Mopi
1205 4300 1264 4349 read
1286 4300 1373 4362 mapir.

217 4377 365 4441 interpreter
379 4378 437 4426 read
452 4379 481 4427 τὸ
497 4381 582 4439 ζητεῖν,
601 4377 650 4426 and
666 4395 770 4427 κατατε-
820 4377 874 4427 The
884 4378 988 4427 latteris
999 4379 1075 4428 noted
1081 4381 1114 4444 by
1122 4380 1224 4441 Grann,
1236 4381 1376 4429 thesormer

217 4459 315 4517 σοῦσαν,
330 4458 356 4506 in
367 4459 406 4507 his
418 4475 489 4523 copy.
820 4461 841 4509 ir
852 4460 1000 4510 overlooked
1012 4462 1045 4524 by
1057 4461 1193 4510 Musaeus.

267 4537 314 4586 'el
332 4539 352 4586 is
369 4540 490 4603 required.
