3000 4994
607 39 870 133 sessus

608 167 869 230 mmmmm

607 254 874 376 Osflsssspml

432 553 641 638 SANO'l'l
694 549 918 636 IRENAEI

238 789 637 887 ADVERSUS
726 783 1110 885 HAERESES.

592 1007 725 1015 --——-
732 1008 751 1015 .-

564 1148 694 1213 LIBER
716 1155 777 1213 ΙΙΙ.

537 1302 804 1362 PRAEFATIO.

43 1426 78 1512 ¹¹3}
160 1417 212 1481 Tc
230 1416 364 1503 quidem,
384 1416 591 1495 dilectissime,
617 1438 807 1503 praeceperas
821 1416 921 1495 nobis,
938 1424 973 1479 ut
992 1437 1046 1480 eas
1061 1437 1130 1501 quse
1144 1437 1164 1478 a
1181 1414 1247 1479 Va·

94 1520 211 1586 lentino
234 1530 309 1585 sunt
334 1521 504 1586 sententias
521 1521 720 1585 absconditas
738 1528 774 1584 ut
788 1519 847 1606 ipsi
866 1527 978 1605 putant
996 1519 1029 1582 in
1049 1517 1246 1582 niauilestum

94 1625 265 1710 proderem,
288 1634 320 1689 et
342 1626 535 1690 ostenderem
557 1625 739 1690 varietatem
764 1626 911 1710 ipsorum,
942 1632 975 1688 et
997 1645 1171 1688 sermonem
1195 1624 1247 1687 de·

93 1734 265 1793 struentem
287 1751 341 1793 eos
362 1729 516 1794 inferrem.
560 1730 712 1816 Aggressi
734 1750 842 1793 sumus
863 1738 968 1793 autem
990 1750 1057 1805 nos,
1081 1735 1248 1815 arguentes

94 1852 149 1896 eos
163 1853 184 1894 a
198 1831 322 1896 Simone
342 1841 431 1917 patre
445 1832 584 1896 omnium
602 1832 826 1910 haereticorum,
845 1841 878 1896 et
896 1830 1053 1897 doctrinas
1070 1839 1103 1896 et
1125 1852 1247 1896 succes·

55 1999 57 2003 ,
93 1935 198 2000 aiones
212 1936 417 2013 manifestare,
433 1944 465 2000 et
480 1936 623 2000 omnibus
637 1936 683 2001 eis
698 1936 921 2001 contradicere:
940 1936 1161 2021 propterquod
1176 1957 1247 1999 cum

94 2036 137 2101 sit
151 2037 242 2102 unius
261 2037 361 2123 operis
375 2038 530 2103 traductio
548 2060 652 2103 eorum
673 2047 706 2104 et
725 2039 910 2105 ¹destructio
927 2040 959 2102 in
975 2039 1090 2116 multis,
1107 2038 1247 2102 misimus

96 2140 153 2205 tibi
176 2141 279 2218 libros,
298 2164 338 2206 ex
357 2141 469 2229 quibus
490 2141 608 2226 primus
627 2143 751 2229 quidem
769 2142 906 2206 omnium
926 2142 1048 2206 illorum
1075 2142 1247 2207 sententias

96 2244 244 2319 continet,
273 2253 305 2309 et
326 2245 564 2310 consuetudines
581 2254 613 2309 et
635 2246 829 2310 characteres
848 2246 985 2310 ostendit
1005 2245 1247 2310 conversationis

97 2367 210 2412 corum.
259 2348 296 2411 ln
316 2348 451 2414 secundo
472 2370 544 2413 vero
566 2349 725 2413 destructa
744 2357 777 2414 et
798 2370 905 2413 eversa
925 2357 999 2412 sunt
1021 2370 1090 2435 quae
1109 2351 1150 2414 ab
1172 2348 1247 2434 ipsis

95 2450 173 2516 mule
188 2452 351 2528 docentur,
367 2460 399 2516 et
414 2454 529 2517 nudata
543 2461 576 2516 et
591 2462 717 2517 ostensa
731 2460 805 2517 sunt
820 2453 894 2515 talia
912 2452 1014 2538 qualia
1029 2461 1062 2515 et
1076 2460 1160 2515 sunt.
1209 2452 1247 2514 ln

96 2551 156 2615 hoc
168 2560 277 2617 autem
291 2552 382 2617 tertio
401 2574 441 2617 ex
457 2554 622 2641 Scripturis
642 2556 808 2619 inseremus
827 2556 1029 2631 ostensiones,
1049 2562 1085 2618 ut
1099 2554 1175 2616 nihil
1190 2554 1246 2618 tibi

98 2676 136 2719 en
151 2655 198 2720 his
213 2677 285 2742 quae
296 2677 494 2741 praeceperas,
513 2658 628 2722 desita
646 2658 754 2732 nobis;
779 2658 834 2722 sed
854 2667 896 2735 et,
915 2666 1120 2743 praeterquam
1141 2655 1246 2741 opina-

96 2760 188 2836 baris,
209 2760 251 2825 ad
266 2761 457 2847 arguendum
475 2771 507 2826 et
522 2763 720 2826 evertendum
745 2762 870 2848 eosqui
891 2761 1028 2848 quolibet
1051 2760 1143 2824 modo
1165 2759 1246 2824 male

96 2864 219 2940 docent,
240 2864 418 2929 occasiones
432 2888 452 2929 a
470 2865 559 2931 nobis
575 2866 719 2952 accipias.
758 2868 836 2949 Quae
855 2866 937 2931 enim
957 2873 1005 2929 est
1025 2864 1058 2928 in
1074 2863 1143 2927 Deo
1168 2863 1246 2927 cari·

99 2974 160 3041 tas,
175 2964 302 3032 diisset
319 2968 386 3032 sine
397 2968 512 3034 invidia
527 2970 691 3045 exsistens,
707 2969 795 3055 plura
806 2970 902 3033 donat
915 2990 1007 3054 quarn
1021 2967 1156 3054 postulet
1177 2967 1246 3053 quis

99 3070 141 3132 ab
155 3090 203 3133 ea.
246 3071 405 3138 Memento
426 3072 521 3159 igitur
539 3096 645 3138 eorum
663 3095 732 3160 quse
751 3073 886 3137 diximus
905 3072 937 3136 in
954 3072 1107 3158 prioribus
1126 3072 1247 3136 duobus

97 3173 203 3248 libris;
227 3182 259 3239 et
271 3175 336 3242 lrec
351 3177 410 3241 illis
424 3178 608 3264 adjungens,
624 3177 834 3263 plenissimam
854 3178 982 3241 habebis
999 3200 1019 3240 a
1033 3177 1122 3241 nobis
1139 3176 1246 3240 adver·

96 3299 151 3343 sus
171 3300 277 3344 omnes
293 3281 457 3346 haereticos
476 3282 761 3359 contradictionem,
782 3290 814 3347 et
832 3282 1015 3347 fiducialiter
1029 3304 1066 3346 ao
1087 3282 1245 3346 instantis-

95 3383 173 3447 sime
188 3383 312 3449 resistes
326 3385 372 3450 eis
386 3408 441 3472 pro
457 3387 539 3452 ²sola
553 3409 624 3451 vera
639 3408 676 3451 ac
691 3386 810 3450 vivifiea
827 3388 898 3462 lide,
918 3409 1010 3473 quam
1025 3389 1065 3451 ab
1084 3387 1112 3449 A
1117 3386 1246 3472 postolis

98 3487 241 3554 Ecclesia
262 3491 407 3575 percepit,
424 3499 457 3555 et
477 3490 634 3555 distribuit
650 3491 721 3555 filiis
740 3491 815 3556 suis.
861 3492 988 3555 Etenim
1007 3492 1161 3556 Dominus
1180 3513 1244 3553 om-

97 3592 181 3655 nium
197 3592 282 3656 dedit
297 3592 457 3678 Apostolis
475 3593 540 3658 suis
557 3602 744 3678 potestatem
766 3595 938 3682 Evangelii,
957 3618 1011 3681 per
1030 3617 1108 3682 quos
1123 3604 1155 3659 et
1169 3595 1245 3658 veri-

95 3704 204 3773 tatem,
223 3696 283 3760 lmo
302 3706 350 3761 est
371 3696 431 3760 Dei
454 3696 527 3761 Filii
547 3698 730 3777 doctrinalis,
748 3701 966 3787 eognovimus;
987 3702 1097 3788 quibus
1115 3709 1148 3764 et
1168 3700 1246 3762 dixit

95 3799 267 3866 Dominus:
295 3801 355 3881 Qui
369 3824 418 3865 cos
432 3802 531 3880 cedd,
551 3824 597 3867 um
614 3804 724 3868 credit:
749 3805 845 3890 etqui
862 3827 912 3869 uos
931 3804 1099 3880 coirtemuit,
1119 3825 1165 3867 mc
1179 3825 1245 3866 cou—
1260 3829 1308 3867 css.
1319 3841 1341 3868 x.
1353 3831 1379 3868 n..

94 3904 210 3981 temnit,
225 3913 253 3967 at
267 3926 330 3969 eum
346 3906 400 3992 qui
414 3927 460 3970 mc
474 3907 569 3972 misit.

146 4058 154 4089 ¹
172 4060 199 4106 A
210 4074 279 4106 more
288 4058 362 4125 likely
374 4062 476 4126 reading
487 4079 565 4111 seems
577 4069 604 4111 to
616 4065 646 4111 be
695 4064 792 4112 hauded
808 4081 840 4113 on
859 4069 884 4112 to
897 4064 941 4111 hei·
956 4078 1013 4110 sons
1029 4061 1116 4125 bytho
1135 4060 1247 4121 Clrurch;

95 4140 199 4200 dormio,
221 4144 330 4202 ἔλεγχος,
350 4142 400 4191 and
423 4144 448 4191 in
470 4145 513 4194 the
530 4144 645 4207 sequelI
696 4148 746 4195 this
764 4150 856 4194 cannot
875 4146 905 4193 bc
923 4144 1046 4208 snpthing
1063 4143 1112 4191 else
1130 4145 1191 4193 than
1205 4146 1247 4193 the

95 4224 176 4272 would
188 4224 310 4289 certainly
317 4243 420 4291 proposc
429 4226 524 4287 dacto,
533 4244 560 4276 as
572 4228 647 4291 being
697 4226 809 4275 Catholie
821 4225 887 4274 Rule
895 4226 924 4273 of
932 4224 1016 4283 Fuitb,
1029 4241 1057 4273 or
1068 4225 1154 4285 Crccd,
1167 4227 1247 4274 which

94 4306 185 4370 closely
196 4306 298 4370 parallel
310 4309 369 4357 with
381 4309 476 4357 nurlctc
487 4310 621 4374 following.
698 4324 747 4356 was
770 4307 888 4357 sketcherl
910 4314 955 4355 out
974 4307 999 4354 in
1017 4308 1060 4356 the
1080 4307 1149 4356 First
1167 4308 1246 4368 Book,

143 4386 314 4453 ’Something
320 4390 420 4440 definite
429 4391 449 4441 is
458 4392 515 4441 hers
522 4392 648 4457 evidently
697 4406 738 4453 pp.
752 4404 792 4453 90,
813 4404 853 4453 91,
873 4391 916 4438 the
933 4391 1072 4454 possession
1090 4390 1140 4439 and
1153 4391 1250 4451 jealmrs

94 4478 186 4531 meant,
205 4471 317 4521 received
335 4473 369 4537 by
388 4474 431 4522 the
448 4474 566 4538 Apostles
584 4475 647 4523 from
697 4471 821 4534 guarding
832 4471 860 4518 ol
873 4472 954 4520 ulrich
968 4472 1056 4521 should
1070 4488 1146 4536 prove
1164 4489 1179 4520 a
1194 4488 1250 4521 sure

95 4552 187 4610 Christ,
210 4552 260 4600 and
279 4553 401 4603 inherited
417 4554 481 4602 from
500 4556 576 4614 them,
599 4555 648 4603 arm
697 4553 827 4617 sedegunrd
839 4555 938 4617 against
948 4555 1042 4618 heresy,

197 4662 271 4707 voc.
292 4662 324 4708 u.
1131 4645 1148 4705 1
