3000 4994
247 333 291 395 42
503 347 797 401 HAERE'HOORUM
823 346 1136 400 PRAEVARICATIO.

82 523 137 565 rm
148 522 189 563 111.
203 523 233 562 ιι.
245 501 348 567 faetus
361 507 410 567 est
424 500 485 566 ists
498 502 641 580 mundus,
658 509 691 568 et
705 523 768 567 non
782 523 838 588 per
851 501 991 567 Verbum
1007 502 1079 567 Dei.
1103 500 1279 568 Secundum
1293 506 1400 566 autem

91 571 226 704 ffislgjffit
246 627 301 671 eos
314 605 366 692 qui
380 614 487 670 sunta
504 604 684 682 Valentino,
700 604 813 670 iterum
827 627 890 671 non
904 627 960 691 per
976 609 1063 670 1eum
1076 606 1179 671 laetus
1198 614 1256 684 est,
1272 605 1328 669 sed
1346 625 1401 690 per

129 710 185 750 Μ·
247 709 460 796 Demiurgum
503 709 587 774 2Ηίο
609 709 691 774 enim
713 709 899 795 operabatur
921 708 1137 773 similitudines
1161 707 1241 773 tules
1261 707 1337 783 fieri,
1360 708 1401 772 ad

244 812 450 879 imitationem
479 835 585 879 eorum
616 836 685 900 quae
715 821 789 878 sunt
817 812 1241 899 sursum‚›quemadmodum
1273 813 1397 877 dicunt:

245 915 436 1003 Demiurgus
449 925 555 982 autem
570 916 751 1003 perficiebat
765 914 999 980 fabricationem
1009 913 1205 979 conditionis.
1239 913 1398 978 Emissum
1411 939 1436 979 o.
1445 941 1489 980 ero.

244 1019 327 1084 enim
350 1019 457 1085 dicunt
478 1042 551 1085 eum
571 1042 592 1085 a
613 1027 712 1086 matre
728 1019 899 1085 Dominum
913 1027 947 1084 et
962 1018 1168 1105 Demiurgum
1182 1018 1250 1103 ejus
1269 1018 1396 1104 disposi-

243 1123 339 1188 tionis
363 1145 432 1209 quae
453 1131 503 1189 est
524 1123 696 1189 secundum
714 1120 934 1200 conditionem,
953 1144 1008 1208 per
1029 1143 1122 1208 quem
1143 1122 1226 1187 huno
1248 1122 1398 1187 mundum

243 1228 362 1292 sactum
385 1228 512 1293 volunt:
538 1249 610 1292 eum
636 1225 842 1313 Evangelium
871 1225 1035 1292 manifeste
1060 1225 1153 1305 dicat,
1176 1226 1321 1313 quoniam
1344 1249 1399 1311 per

246 1329 397 1408 Verbum,
413 1331 497 1417 quod
520 1330 553 1394 in
579 1330 730 1416 principio
750 1339 818 1395 erat
840 1330 924 1416 apud
939 1329 1054 1405 Deum,
1076 1330 1180 1395 omnia
1200 1339 1275 1395 sunt
1295 1331 1395 1396 facta:

244 1434 327 1521 quod
349 1432 489 1512 Verbum,
504 1433 615 1519 inquit,
631 1454 703 1498 earo
709 1435 835 1518 factam
850 1442 901 1509 eat,
917 1443 945 1498 at
958 1433 1111 1499 habitavit
1124 1434 1160 1497 ia
1173 1433 1267 1498 nodia

310 1543 341 1603 8.
387 1538 564 1603 Secundum
585 1545 692 1602 autem
711 1537 791 1614 illos,
814 1541 932 1622 ⁸neque
955 1535 1096 1601 Verbum
1115 1557 1187 1601 caro
1206 1537 1324 1601 fectum
1337 1542 1397 1614 est,

244 1662 345 1727 neque
361 1639 513 1718 Christus,
529 1662 629 1726 neque
650 1640 702 1726 qui
724 1663 765 1706 ex
787 1640 931 1705 omnibus
945 1640 1048 1705 factus
1068 1647 1118 1706 est
1141 1639 1294 1705 Salvator.
1338 1640 1398 1705 Et·

244 1743 326 1809 enim
335 1742 477 1808 Verbum
491 1751 524 1809 et
535 1744 695 1809 Christum
710 1765 767 1809 nec
781 1743 944 1809 advenisse
958 1744 991 1808 in
1009 1744 1093 1810 hune
1108 1745 1257 1810 mundum
1272 1743 1394 1810 volunt:
1409 1755 1486 1798 ¹³⁰⁹·

246 1847 438 1912 Salvatorem
465 1868 538 1912 vero
567 1869 629 1912 non
658 1846 854 1912 incarnatum
883 1867 983 1934 neque
1011 1869 1159 1934 passum3
1198 1847 1397 1912 descendisse

243 1959 350 2015 autem
372 1951 461 2036 quasi
482 1950 658 2015 columbam
680 1950 713 2014 in
734 1972 806 2015 eum
821 1950 846 2015 J
847 1973 934 2016 esum
950 1951 1002 2038 qui
1020 1953 1122 2017 factus
1139 1958 1188 2015 est
1210 1972 1250 2014 ex
1267 1949 1398 2035 disposi-

243 2053 339 2131 tione,
354 2062 387 2118 et
406 2075 478 2118 eum
496 2052 712 2118 annuntiasset
726 2053 920 2141 incognitum
937 2054 1075 2130 Patrem,
1090 2053 1203 2118 iterum
1221 2052 1398 2118 ascendisse

242 2157 276 2220 in
292 2158 447 2222 Pleroma.
492 2157 692 2222 lucarnatum
714 2164 820 2221 autem
835 2165 868 2222 et
883 2177 1009 2242 passum
1031 2156 1156 2243 quidem
1179 2156 1304 2242 quidem
1325 2177 1397 2220 eum

243 2259 296 2347 qui
317 2281 358 2325 ex
376 2259 578 2344 dispositione
599 2259 642 2324 sit
661 2259 770 2324 dieunt
792 2258 915 2338 Jesnm,
936 2282 1030 2346 quem
1052 2281 1107 2345 per
1131 2260 1267 2324 Mariam
1289 2259 1398 2324 dicunt

242 2363 455 2450 pertransisse,
472 2363 576 2450 ⁴quasi
595 2384 708 2450 aquam
725 2386 781 2449 per
795 2364 922 2428 tubum:
939 2363 991 2427 alii
1005 2385 1077 2428 vero
1091 2362 1274 2450 ⁶Demiurgi
1289 2362 1396 2440 filium,

241 2464 275 2528 in
290 2487 382 2552 quem
396 2466 592 2532 descendisse
606 2487 678 2531 eum
693 2465 717 2528 J
718 2488 806 2530 esum
821 2465 874 2552 qui
889 2487 928 2530 ex
950 2465 1153 2552 dispositione
1172 2465 1232 2529 sit:
1255 2465 1309 2529 alii
1331 2487 1397 2529 rur-

240 2593 311 2636 sum
334 2573 447 2638 Jesum
470 2573 594 2659 quidem
618 2576 675 2636 ‘ex
698 2571 723 2635 J
725 2571 821 2656 oseph
844 2578 878 2636 et
903 2570 1006 2634 Maria
1030 2579 1138 2635 natum
1165 2570 1282 2648 dicunt,
1305 2576 1338 2634 et
1363 2571 1396 2634 in

241 2673 325 2741 hunc
339 2675 535 2741 descendisse
551 2674 711 2739 Christum
725 2674 779 2760 qui
793 2674 852 2738 rde
865 2673 1076 2759 superioribus
1090 2672 1142 2749 sit,
1163 2672 1231 2738 sine
1251 2693 1344 2738 carne
1364 2680 1397 2738 et

240 2776 461 2863 impassibilem
483 2779 696 2842 exsistentem.
742 2776 919 2841 Secundum
943 2784 1048 2840 autem
1072 2775 1188 2840 nullam
1207 2777 1396 2841 seutentiam

239 2879 466 2958 haereticorum,
483 2879 625 2945 Verbum
641 2879 701 2945 Dei
717 2902 789 2945 earo
804 2881 920 2945 lactum
936 2888 994 2944 est.
1041 2879 1076 2943 Si
1095 2880 1176 2944 enim
1190 2878 1259 2966 quis
1273 2880 1396 2967 regulus

239 2980 377 3066 ipsorum
403 2982 542 3048 omnium
568 2990 789 3067 perscrutetur,
819 2982 954 3047 inveniet
980 2981 1126 3068 quoniam
1156 2982 1224 3046 sine
1247 3004 1340 3047 carne
1363 2992 1396 3048 et

238 3084 436 3170 impassibilis
449 3087 490 3150 ab
505 3086 648 3150 omnibus
662 3086 723 3150 illis
741 3084 898 3151 inducitur
915 3084 974 3148 Dei
998 3084 1149 3162 Verbum,
1166 3093 1199 3149 et
1217 3085 1269 3170 qui
1291 3094 1341 3150 est
1361 3085 1395 3148 in

237 3187 447 3274 superioribus
488 3187 639 3255 Christus.
686 3189 751 3253 Alii
789 3189 872 3254 enim
905 3195 1017 3274 putant
1045 3189 1277 3253 manifestatum
1311 3210 1393 3267 eum,

238 3293 497 3377 quemadmodum
523 3292 681 3357 hominem
703 3293 978 3379 transfiguratum
1010 3313 1111 3378 neque
1139 3300 1246 3357 autem
1273 3302 1392 3370 natum,

237 3416 337 3481 neque
365 3394 561 3461 incarnatum
591 3397 700 3462 dicunt
728 3396 833 3459 illum:
864 3395 917 3459 alii
941 3416 1013 3459 vero
1036 3416 1137 3481 neque
1163 3396 1295 3482 figuram
1321 3417 1393 3460 eum

237 3498 421 3563 assumsisse
447 3498 600 3576 hominis;
634 3499 689 3564 sed
710 3497 971 3585 quemadmodum
996 3496 1173 3563 columbam
1195 3499 1392 3565 descendisse

286 3741 296 3774 ¹
312 3741 365 3791 The
381 3742 487 3791 concord
503 3742 578 3808 being
588 3743 650 3794 with
667 3744 739 3806 λόγος
752 3745 788 3793 in·
840 3744 956 3808 bsptism,
973 3745 1030 3793 that
1047 3744 1119 3793 Soter
1135 3745 1156 3793 ie
1173 3743 1298 3794 intended.
1333 3744 1393 3792 And

235 3825 305 3874 stead
317 3825 346 3873 ol
353 3825 415 3873 with
432 3824 541 3874 Verbum.
840 3828 920 3876 where
932 3827 1017 3875 Christ
1030 3827 1051 3875 is
1064 3826 1117 3875 said
1129 3832 1156 3875 to
1174 3828 1237 3875 have
1247 3826 1309 3875 been
1321 3826 1391 3885 born,

284 3906 296 3938 ¹
312 3906 363 3956 Hie
378 3906 450 3966 enim,
467 3907 485 3956 i.
493 3923 514 3956 e.
534 3908 612 3956 Soter.
643 3907 682 3958 cf.
697 3908 755 3957 Vol
768 3919 786 3957 1.
839 3910 896 3957 that
909 3909 951 3957 the
965 3909 1066 3973 psycbic
1078 3909 1162 3957 Christ
1173 3908 1394 3972 enmnatinglrom

236 4005 261 4054 p.
273 3991 311 4048 28,
326 3988 375 4037 and
385 4005 411 4053 p.
425 3986 480 4050 266,
494 4005 518 4039 n.
532 4003 555 4039 a.
840 3990 976 4055 Demiurge
987 3993 1008 4040 is
1019 3997 1112 4040 meant.
1143 3991 1188 4041 See
1199 3991 1257 4040 Vol.
1267 4004 1285 4040 1.
1299 4008 1341 4056 pp.
1351 3990 1390 4051 60,

284 4069 295 4102 ⁸
312 4087 384 4133 neque
402 4071 501 4120 Verbum
513 4086 692 4134 coro...ncpue
704 4071 788 4122 Obsta-
839 4072 879 4134 61,
897 4088 950 4135 113,
965 4087 1019 4133 211,
1034 4088 1089 4136 239.

235 4159 281 4201 tur.
309 4152 362 4201 The
380 4153 447 4201 AEon
465 4153 548 4216 Logos
561 4169 611 4202 wsa
628 4169 674 4202 oue
691 4170 788 4202 emana-
887 4152 898 4186 ⁴
915 4156 946 4204 ὡς
957 4157 995 4203 διὰ
1005 4157 1119 4213 σωλῆνας.
1137 4154 1196 4204 Vol.
1207 4167 1226 4205 1.
1239 4171 1264 4219 p.
1279 4153 1318 4214 60,
1333 4172 1358 4204 n.
1370 4169 1391 4204 a.

236 4236 297 4293 tion,
311 4233 360 4282 and
371 4234 456 4282 Christ
466 4235 586 4294 another;
603 4250 630 4283 aa
642 4234 791 4284 deniaensol
887 4236 898 4268 ⁵
915 4237 987 4286 Demi
991 4237 1045 4299 arpi
1051 4237 1142 4298 filium,
1156 4237 1214 4287 Vol.
1226 4251 1243 4285 1.
1257 4255 1281 4303 p.
1296 4237 1336 4287 60.

236 4317 279 4365 the
291 4315 411 4373 Pleroma,
425 4317 521 4365 neither
532 4317 561 4365 of
571 4317 640 4366 them
651 4316 788 4366 descended
888 4317 898 4350 ⁶
915 4320 953 4367 Ec
973 4319 1063 4382 Joaeph
1081 4327 1102 4368 ct
1120 4319 1217 4380 Marce,
1235 4320 1251 4368 i.
1260 4337 1281 4368 e.
1302 4319 1393 4384 Carpo·

236 4397 290 4445 into
302 4397 345 4445 tho
360 4396 446 4444 world.
476 4398 502 4445 It
518 4398 601 4446 would
615 4415 690 4460 seem,
706 4400 786 4448 there·
837 4407 925 4461 crates,
939 4401 996 4452 Vol.
1008 4414 1026 4452 1.
1041 4417 1096 4464 204,
1110 4403 1250 4462 Corinthus,
1266 4416 1321 4451 211.

235 4479 295 4538 fore,
316 4478 397 4527 where
415 4481 498 4530 Christ
517 4483 538 4530 is
554 4483 608 4531 said
624 4487 651 4532 to
667 4482 730 4531 have
748 4482 787 4532 ds-
887 4482 897 4516 ⁷
915 4483 961 4532 See
982 4500 1007 4548 p.
1027 4498 1067 4544 40,
1089 4500 1114 4533 n.
1130 4483 1154 4533 6.
1180 4485 1210 4533 de
1229 4484 1393 4547 rupwiorrbm

236 4561 341 4610 scended
360 4578 387 4611 as
405 4563 447 4611 the
463 4563 522 4627 holy
538 4564 601 4613 dove
617 4580 650 4613 on
667 4565 743 4615 Jesns
759 4567 786 4614 in
840 4564 969 4625 otricum,
985 4567 1027 4614 τὸν
1038 4569 1127 4615 ἄνωθεν
1138 4567 1251 4628 Χριστόν.
