3000 4994
550 369 797 424 nnaouuuun.
1186 359 1253 431 497

100 526 257 611 εἰπόντες,
280 527 364 626 φέρε
381 529 557 610 πυθώμεθα
573 529 688 612 αὐτῶν,
707 529 744 600 τί
763 559 850 600 ποτε
868 529 920 601 καὶ
934 583 942 599 .
956 583 964 598 .
979 527 1251 617 ,ἆμετάβληπον

99 634 338 726 άμετάβληπος
356 637 421 738 ἄρα
439 643 457 722 ἡ
476 639 548 722 ὕλη·
579 642 607 712 εἰ
624 639 864 729 ἆμετάβλητος
883 647 901 725 ἧ
920 640 990 726 ὅλη,
1009 641 1053 715 τὸ
1073 639 1108 712 δὲ
1127 641 1253 727 ἆμετά·

98 751 232 836 βλητον
250 752 287 823 οὗ
305 752 470 850 τρέπεται
487 750 573 826 κατὰ
591 755 771 838 ποιότητα,
792 756 828 825 αὖ
847 765 1115 838 κοσμοποιεΐται.
1146 757 1199 827 Δι’
1215 757 1257 829 ον’

100 865 268 961 παρέλκον
297 867 408 941 αὐτοῖς
435 866 600 963 φαίνεται,
635 866 696 939 τὸν
725 865 811 937 θεὸν
836 865 1038 955 ἐπιβάλλειν
1066 869 1253 950 ποιότητας

98 979 142 1069 τῇ
169 973 238 1059 ὕλη,
266 979 350 1054 ὅλως
371 985 429 1060 τῆς
456 976 532 1060 ὕλης
564 981 620 1049 οὐκ
644 977 876 1077 ἐπιδεχομένης
901 980 1040 1079 τροπὴν,
1072 980 1253 1070 ἆγεννῆτον

77 1091 175 1163 ,κατ’
204 1090 304 1173 αὖτῆν
334 1091 574 1186 τυγχανούσης.
607 1089 695 1164 Ἔτι
723 1095 751 1164 ei
775 1092 954 1184 ἆγέννητος
980 1097 997 1175 ἦ
1024 1090 1093 1176 ὕλη,
1121 1090 1253 1172 πάντως

97 1199 184 1272 κατὰ
209 1200 283 1272 τινὰ
308 1203 475 1285 ποιότητα
495 1204 685 1289 πεποίηται,
709 1205 762 1276 rol
782 1205 906 1287 ταύτην
930 1204 1111 1304 ἄτρεπτον,
1136 1204 1191 1277 οὔκ
1213 1202 1254 1276 δν

98 1313 145 1395 εἴη
176 1317 335 1385 πλειόνων
365 1320 555 1399 ποιοτήτων
587 1314 726 1401 δεκτική·
754 1315 817 1389 odd
843 1313 884 1389 δν
908 1326 1169 1402 κοσμοποιοῖτο·
1207 1319 1252 1401 μη

97 1430 384 1512 κοσμοποιουμὲνη
411 1426 454 1513 δὲ,
476 1427 570 1505 ε’κτδς
594 1441 685 1502 ποιεῖ
710 1429 772 1502 τδν
802 1429 888 1502 θεὸν
913 1428 954 1501 δι’
972 1433 1058 1503 ὅλων
1080 1436 1144 1503 τοῦ
1162 1428 1253 1515 δημι-

98 1550 238 1638 ουργεῖν.

582 1780 766 1847 XXXIII.

184 1939 254 2009 Ka>
285 1942 514 2028 ἕβαπτίσατό,
541 1948 654 2041 φησιν,
684 1943 717 2013 ἕν
742 1949 790 2031 τῷ
818 1940 966 2041 Ἰορδάνῃ
992 1941 1137 2020 ἑπτάκις.
1199 1946 1252 2016 Ol

96 2048 205 2134 μάτην
223 2050 328 2122 πάλαι
350 2052 488 2137 Ναιμὰν
505 2052 631 2154 λεπρὸς
650 2051 693 2127 uir
710 2055 917 2142 βαπτισθεὶς
940 2057 1144 2156 ἐκαθαῖρεπο,
1172 2058 1250 2128 ἄλλ’

99 2167 142 2240 εἰς
167 2162 300 2258 ἔνδειξιν
324 2167 500 2264 ἡμετέραν*
531 2168 561 2238 oi
586 2167 706 2266 λεπροὶ
732 2169 823 2244 ὄντες
848 2169 880 2238 ἐν
902 2178 975 2245 ταῖς
1000 2170 1177 2267 ἁμαρτίαις
1197 2168 1251 2241 διά

98 2281 161 2346 τοῦ
191 2276 291 2368 ἁγίου
323 2276 442 2355 ὕδατος
469 2280 523 2350 καὶ
552 2288 609 2361 τῆς
638 2285 701 2352 τοῦ
736 2279 863 2377 Κυρίου
892 2282 1090 2363 ἐπικλήσεως
1114 2286 1252 2381 καθαρι·

98 2385 224 2487 ζάμεθα
264 2394 330 2461 τῶν
366 2397 517 2463 παλαιῶν
555 2388 847 2490 παραπτωμάτων,
882 2396 922 2469 ὡς
960 2391 1075 2463 παιδία
1113 2395 1250 2485 νεόγονα

95 2629 266 2716 ingenitam
280 2631 442 2705 dicentes;
464 2630 600 2717 agedum
614 2630 815 2716 inquiramus,
837 2631 912 2719 quid
937 2682 944 2696 .
962 2681 970 2696 .
988 2682 995 2696 .
1013 2683 1021 2696 .
1045 2631 1250 2701 immutabile.

97 2731 306 2799 immutabilis
330 2733 437 2820 itaque
462 2742 512 2798 est
535 2733 676 2798 materia.
724 2732 781 2797 Sin
807 2732 1010 2798 immutabilis
1037 2742 1086 2799 est
1107 2735 1250 2816 materia,

95 2843 289 2909 immutabile
302 2851 407 2909 autem
423 2864 485 2908 non
500 2842 650 2907 alteratur
668 2843 838 2908 seeundum
854 2843 1047 2930 qualitatem,
1063 2846 1197 2912 mundus
1211 2870 1252 2913 ex

95 2967 134 3012 ea
157 2969 219 3011 non
245 2947 398 3013 conditur.
436 2946 634 3032 Quapropter
650 2966 913 3032 supervacaneum
931 2946 978 3011 eis
1001 2946 1131 3026 videtur,
1147 2949 1251 3014 Deum

95 3050 263 3137 qualitates
287 3050 426 3116 materiae
447 3049 643 3136 imprimere;
672 3048 826 3136 siquidem
844 3050 975 3115 materia
998 3050 1125 3115 omnino
1151 3061 1252 3118 muta-

96 3153 215 3219 tionem
241 3154 326 3219 haud
351 3154 501 3232 admittit,
528 3154 611 3241 quod
636 3174 692 3240 per
723 3174 758 3218 se
781 3151 825 3217 sit
848 3151 996 3240 ingenita.
1055 3154 1198 3221 Ulterius
1223 3157 1250 3221 si

95 3258 226 3324 materia
239 3265 288 3322 est
302 3256 451 3344 ingenita,
467 3258 574 3344 utique
589 3279 660 3323 eum
671 3256 806 3344 quadam
821 3256 980 3343 qualitate,
993 3279 1091 3344 eaque
1107 3258 1251 3326 immuta-

96 3358 149 3422 bili
175 3359 259 3423 saota
284 3366 349 3432 est;
375 3381 476 3444 neque
505 3360 602 3424 etiam
624 3359 759 3424 mundus
785 3381 825 3424 ex
852 3380 890 3425 ea
915 3360 1069 3427 conditur.
1128 3362 1252 3428 Mundo

95 3469 202 3524 autem
215 3461 287 3526 inde
301 3482 365 3525 non
379 3461 515 3539 condito,
530 3461 634 3526 Deum
647 3482 668 3526 a
682 3461 838 3526 creatione
852 3462 959 3526 mundi
973 3484 1101 3548 prorsus
1114 3464 1251 3530 alienum

96 3562 182 3628 laoit.

162 3682 348 3750 XXXIII.
383 3685 486 3770 Atque
506 3682 676 3770 baptisatur
691 3684 831 3771 aeiprsom,
849 3684 904 3763 ait,
920 3686 955 3750 io
975 3683 1115 3748 Jordom
1134 3684 1252 3770 septies.
1264 3720 1405 3771 ,mm

97 3783 208 3872 Neque
233 3786 348 3852 frustm
372 3784 447 3851 olim
476 3785 621 3852 Naaman
650 3784 736 3871 lepra
764 3785 920 3863 laborans,
951 3807 1047 3869 quum
1076 3785 1253 3869 baptisatus

96 3897 189 3966 esset,
217 3889 249 3953 in
272 3889 410 3976 eorporis
434 3889 604 3976 puritatem
626 3887 791 3954 restitutus
815 3895 874 3963 est,
901 3886 957 3952 sed
980 3895 1017 3951 ut
1038 3887 1120 3951 viam
1141 3886 1253 3952 salutis

96 3994 186 4057 nobis
211 3993 403 4059 ostenderet:
434 3993 489 4081 qui
515 3990 640 4080 quidem
666 3990 804 4076 peocatis
830 3989 1006 4054 commissis
1029 3989 1142 4074 leprosi
1166 3990 1251 4069 lacti,

96 4119 153 4183 per
180 4120 294 4187 aquam
319 4120 440 4163 sacram
468 4106 501 4164 et
529 4096 758 4162 invocationem
793 4094 923 4160 Domini
949 4116 969 4159 a
992 4094 1146 4181 prioribus
1169 4093 1253 4160 vitiis

145 4322 281 4372 XXXIII.
316 4322 376 4371 'Ibis
393 4322 442 4370 and
459 4320 649 4383 tbenexttrag·
701 4318 785 4368 Books
807 4317 836 4366 of
852 4316 936 4382 Kings
954 4317 1035 4366 lntbe
1049 4316 1143 4366 Coislin
1161 4315 1253 4365 (lellen-

95 4411 166 4454 ment
180 4406 235 4454 first
251 4404 375 4470 appeared
391 4405 417 4452 in
432 4404 475 4452 the
489 4401 650 4451 Benedictiue
699 4403 766 4463 tion;
791 4402 901 4468 possIbly
920 4402 964 4451 the
984 4401 1070 4467 Syriae
1092 4401 1181 4461 notice,
1205 4400 1250 4451 Gr.

95 4486 188 4535 edition
199 4485 325 4551 reprinted
336 4483 475 4543 atVenioe,
488 4495 557 4544 1734.
580 4481 651 4546 They
700 4482 742 4533 Fr.
755 4481 890 4532 XXXIX.
906 4496 927 4540 ι,
940 4481 1016 4530 refers
1029 4487 1057 4532 to
1068 4483 1111 4533 the
1122 4497 1190 4532 same
1202 4481 1252 4531 Ex·

95 4583 160 4617 were
177 4568 253 4617 taken
271 4567 335 4617 imm
347 4583 363 4615 a
374 4566 431 4615 MS.
447 4566 538 4617 Ooteuo
555 4579 588 4613 on
606 4563 650 4613 the
699 4566 807 4630 position
819 4565 848 4614 of
861 4565 995 4614 hessos.
