3000 4994
432 387 570 441 naum
592 387 774 442 uoauuus
798 388 866 443 nsr
890 388 1013 445 xnxu.
1226 375 1294 446 387

143 538 223 616 ritis,
247 559 286 603 us
307 538 502 613 memoriam
533 560 605 604 oum
628 537 788 605 didie'mset
809 559 830 605 s
854 537 982 605 muliere
1004 547 1196 625 praeeeptum
1221 541 1293 621 Dei,
1334 568 1388 608 mn.
1398 569 1426 610 v.

141 638 260 706 astutia
282 662 358 706 usus
382 640 505 726 decepit
530 662 600 707 eam
625 641 727 706 denuo
752 663 808 727 per
828 640 1044 729 falsiloquium,
1071 641 1196 708 dioens:
1219 615 1456 710 Nmofliii'iint

141 754 233 810 omna
246 745 428 810 morimini.
462 743 584 810 samar
601 745 683 809 euim
700 745 796 823 Deus,
814 745 959 831 quosaam
978 766 1040 831 qua
1054 744 1107 810 dio
1125 744 1292 811 mnodum·
1320 708 1435 796 ”iffi

140 848 246 912 noritis
257 871 294 912 eu
308 870 350 926 oo,
361 848 541 933 operiantur
551 847 631 912 emili
642 849 743 926 semri,
755 857 784 913 st
794 849 880 914 eritis
892 849 970 914 riom
982 849 1041 927 dii,
1052 850 1175 914 osismos
1185 848 1292 916 dmum
1303 881 1355 920 osa
1364 879 1418 921 ma

139 961 169 1016 st
188 952 314 1018 molum.
361 951 468 1016 Primo
488 952 612 1037 quidem
630 952 662 1017 in
684 953 745 1018 Dei
767 954 909 1039 paradiso
930 953 1126 1038 ¹disputabat
1146 954 1186 1019 de
1211 954 1291 1034 Deo,

140 1055 228 1141 quasi
242 1056 370 1120 absente
381 1076 434 1120 eo:
451 1055 697 1142 magnitudinem
708 1056 791 1121 enim
806 1057 970 1143 ignorabat
981 1057 1052 1123 Dei.
1085 1058 1164 1123 Post
1179 1058 1290 1125 deinde

138 1161 179 1223 ab
204 1159 272 1245 ipsa
300 1160 425 1225 diesem
447 1159 563 1230 dixisse
585 1160 766 1238 Dominum,
796 1161 963 1226 morituros
983 1183 1037 1226 eos
1059 1160 1087 1225 si
1109 1169 1290 1248 gustassent

138 1259 177 1325 de
191 1261 341 1346 praedicto
359 1261 455 1348 ligno,
476 1261 619 1326 ¹tertium
639 1262 835 1328 mendacium
846 1263 976 1349 loquens
990 1262 1083 1328 dixit:
1107 1265 1182 1329 Nou
1195 1273 1290 1329 onom

136 1365 320 1431 moriemini.
357 1365 420 1430 Sed
434 1365 581 1452 quonism
596 1365 686 1431 Deus
699 1387 793 1431 verax
807 1375 866 1446 est,
882 1367 1016 1432 mendox
1030 1375 1135 1431 autem
1149 1387 1287 1454 serpens,

137 1466 177 1532 de
196 1467 307 1533 effectu
325 1477 484 1534 ostensum
499 1477 558 1547 est,
576 1477 676 1535 morte
694 1471 862 1536 subsecuta
876 1472 997 1557 eosqui
1016 1471 1287 1538 manducaverant.

138 1569 238 1634 Simul
248 1570 331 1635 enim
342 1593 413 1636 eum
424 1593 497 1636 esea
510 1579 544 1637 et
554 1580 686 1637 mortem
699 1572 906 1653 adsciverunt,
919 1573 1065 1660 quoniam
1076 1573 1289 1639 inobedientes

136 1673 383 1738 manducabant:
406 1674 617 1740 inobedientia
639 1683 744 1740 autem
768 1675 831 1740 Dei
855 1684 987 1741 mortem
1010 1676 1112 1743 insert.
1155 1676 1290 1763 Propter

135 1774 194 1839 hoe
208 1797 248 1840 ex
264 1797 301 1840 eo
316 1776 423 1841 traditi
438 1786 510 1842 sunt
526 1777 565 1857 ei,
580 1777 736 1843 debitores
750 1778 860 1843 mortis
874 1778 985 1844 effecti.

200 1881 230 1943 2.
270 1879 308 1942 ln
323 1879 391 1965 ipsa
405 1880 510 1966 itaque
523 1881 574 1946 die
594 1881 708 1946 mortui
727 1889 812 1961 sunt,
829 1882 861 1946 in
881 1904 942 1968 qua
961 1890 995 1946 et
1014 1882 1287 1962 manducaverunt,

133 1987 167 2045 et
190 1980 345 2047 debitores
367 1984 441 2049 tacti
467 1993 542 2049 sunt
567 1985 686 2063 mortis,
714 1985 861 2071 quoniam
890 1984 1077 2050 conditionis
1103 1985 1169 2050 dies
1196 2007 1289 2052 unus.

134 2084 287 2149 ²Foctum
321 2095 364 2151 ost
392 2089 482 2165 euim,
517 2087 629 2175 inquit,
665 2111 793 2176 uespere,
825 2097 854 2154 et
877 2090 1003 2174 sortium
1037 2098 1079 2154 osi
1104 2111 1193 2154 rimae
1223 2089 1289 2155 diss

133 2208 219 2252 unus.
266 2186 304 2251 In
328 2187 396 2275 ipsa
423 2199 528 2255 autem
559 2190 692 2256 haedis
717 2191 998 2265 manducaverunt3
1027 2190 1060 2255 in
1085 2190 1154 2278 ipsa
1181 2200 1288 2256 autem

134 2298 166 2353 et
195 2290 308 2355 mortui
344 2301 428 2358 sunt.
488 2293 667 2358 Secundum
702 2303 808 2358 autem
840 2293 990 2359 circulum
1020 2303 1052 2358 et
1088 2314 1213 2358 cursum
1242 2294 1288 2358 di-

132 2412 230 2470 erum,
265 2393 436 2458 seeundum
473 2416 566 2481 quem
601 2394 664 2459 alia
698 2395 823 2481 quidem
859 2395 969 2480 prims,
1007 2393 1069 2459 alia
1100 2403 1206 2458 autem
1237 2415 1287 2458 se·

132 2493 244 2572 cunda,
275 2503 308 2561 et
339 2496 401 2560 alia
429 2498 522 2562 tertia
552 2506 690 2576 vocatur,
718 2497 746 2562 si
777 2497 847 2582 quis
876 2497 950 2562 velit
978 2496 1143 2584 diligenter
1168 2497 1286 2562 discere

133 2619 195 2683 qua
225 2598 276 2664 die
309 2622 349 2665 ex
383 2608 505 2687 septem
537 2600 646 2665 diebus
672 2608 814 2665 mortuus
845 2607 895 2664 est
927 2598 1043 2677 Adam,
1078 2598 1213 2664 inveniet
1246 2620 1286 2664 ex

133 2703 261 2769 Domini
285 2705 498 2791 dispositione.
534 2704 756 2792 Recepitulans
779 2703 862 2768 enim
881 2702 1057 2767 universum
1076 2700 1235 2766 homiuem
1252 2701 1286 2767 iu

71 2818 73 2824 ’
132 2827 167 2871 se
191 2808 231 2871 ab
257 2807 346 2872 initio
370 2829 468 2895 usque
489 2808 530 2872 ad
551 2807 657 2886 tinem,
679 2805 903 2893 recapitulatas
924 2812 974 2870 est
996 2813 1029 2869 et
1050 2813 1183 2869 mortem
1205 2806 1283 2891 ejus.

134 2907 339 2976 Manifestum
357 2911 535 2996 amiteque,
552 2909 698 2998 quoniam
718 2910 750 2974 in
768 2909 821 2974 illa
835 2908 885 2974 die
904 2915 1037 2973 mortem
1056 2906 1204 2971 sustinuit
1218 2908 1285 2973 Do·

132 3011 234 3077 minus
252 3014 400 3079 obediens
418 3014 518 3093 Patri,
538 3014 571 3078 in
586 3036 648 3100 qua
662 3021 803 3079 mortuus
817 3020 866 3077 est
887 3012 993 3076 Adam
1008 3010 1188 3075 inobediens
1203 3011 1284 3077 Deo.

56 3160 62 3172 .
108 3116 172 3180 .In
193 3140 255 3202 qua
276 3126 381 3183 autem
403 3125 544 3183 mortuus
561 3126 620 3196 est,
642 3117 676 3180 in
699 3115 767 3203 ipsa
789 3124 821 3181 et
844 3114 1050 3181 manducavit.
1091 3112 1183 3178 Dixit
1202 3113 1286 3178 euim

132 3222 236 3287 Deus:
260 3222 304 3287 Iu
330 3244 392 3308 quo
414 3222 465 3286 die
488 3219 712 3286 manducabitis
735 3243 771 3284 ae
791 3241 832 3297 ro,
855 3228 948 3284 morte
970 3217 1150 3282 moriemini.
1188 3217 1286 3283 Hune

131 3323 235 3407 itaque
251 3323 333 3388 diem
347 3323 554 3410 recapitulans
568 3321 601 3387 in
615 3321 816 3409 semetipsum
832 3321 997 3399 Dominus,
1012 3319 1097 3385 venit
1111 3319 1151 3384 ad
1167 3320 1285 3405 passio·

130 3447 202 3489 nem
217 3425 315 3512 pridie
330 3430 419 3490 ³ante
434 3426 609 3503 sabbatum,
625 3447 695 3511 quae
709 3432 759 3489 est
773 3431 865 3488 sexta
879 3423 1065 3488 conditionis
1080 3422 1156 3501 dies,
1173 3423 1206 3486 in
1224 3444 1286 3511 qua

131 3529 242 3592 ³homo
257 3528 428 3615 plasmatus
442 3535 501 3606 est,
522 3528 691 3592 secundam
710 3527 947 3614 plasmationem
961 3527 1018 3605 ⁴ei‚
1033 3548 1103 3591 eam
1118 3548 1187 3612 quse
1202 3534 1286 3591 esta

132 3639 241 3709 morte,
258 3653 312 3716 per
326 3651 415 3695 suam
429 3629 605 3717 passionem
617 3630 744 3697 donans.
780 3631 914 3713 Quidam
929 3638 1034 3694 autem
1049 3650 1155 3692 rursus
1170 3627 1201 3690 in
1216 3627 1285 3690 mil·

132 3732 274 3798 lesimum
293 3755 409 3797 annum
430 3741 576 3798 revocant
596 3742 728 3798 mortem
750 3734 848 3798 Adae:
873 3732 1019 3818 quoniam
1037 3730 1120 3794 enim
1138 3730 1204 3793 dies
1220 3729 1284 3794 Do
1295 3759 1426 3802 omiss

132 3837 218 3913 rniui,
241 3837 319 3900 siout
339 3836 421 3901 mille
442 3837 529 3913 nuni,
550 3857 613 3900 non
634 3836 848 3922 ⁶superposuit
868 3843 974 3898 autem
996 3832 1080 3896 mille
1097 3852 1206 3909 annos,
1228 3831 1285 3896 sed

130 3938 212 4004 intra
227 3961 281 4005 eos
295 3948 434 4005 mortuus
449 3947 507 4019 est,
523 3938 776 4028 transgressionis
789 3936 962 4022 adimplens
976 3933 1172 4000 sententiam.
1213 3932 1285 3998 Sive

180 4101 530 4166 ¹dirputubut,Voss.,Vnn.
564 4104 680 4164 Theou,
782 4095 1285 4157 ³amsomittedinthecnmu.‚whioh

129 4185 192 4244 Au,
203 4186 290 4234 Manu.
301 4198 330 4234 11.
340 4185 456 4250 disputat.
480 4185 584 4247 tertium,
594 4186 682 4247 MSS„
732 4181 803 4231 reads
815 4181 880 4229 bunc
893 4180 932 4228 for
943 4179 1018 4227 borno.

130 4268 177 4315 but
189 4268 238 4316 GR.
253 4267 327 4316 tertio.
780 4263 791 4295 ⁴
808 4262 837 4323 si,
857 4264 919 4323 AB„
938 4261 1027 4312 Mauo.
1044 4273 1091 4323 11.;
1109 4261 1156 4311 but
1171 4259 1282 4322 cultra,

179 4348 191 4381 ¹
207 4351 258 4400 As.
267 4350 401 4412 samusart,
414 4350 464 4399 and
473 4351 547 4399 omits
558 4364 636 4398 mons.
656 4347 683 4397 It
732 4346 808 4404 Vsu,
822 4343 904 4392 Voss.
917 4350 946 4393 st.

130 4430 182 4479 also
199 4437 296 4495 repests
307 4431 405 4494 scrotum
419 4439 459 4491 est,
474 4430 570 4492 though
588 4429 683 4477 Gsass
781 4425 792 4457 ⁵
814 4425 973 4489 superposuit,
1001 4424 1137 4486 ὑπερέθετο.
1182 4423 1214 4472 In
1242 4423 1286 4472 the

131 4513 207 4562 infers
224 4516 267 4564 the
284 4514 410 4563 omission.
444 4513 498 4562 Tho
515 4513 614 4560 Onsnrr.
632 4508 683 4558 and
732 4506 824 4570 aequal,
846 4520 1012 4570 supergressor
1027 4513 1060 4556 est
1076 4505 1197 4556 indicates
1216 4505 1284 4567 drep-

132 4593 213 4644 Voss.
226 4611 307 4660 agree.
734 4589 855 4651 εβῐβασεν.
