3000 4994
442 376 568 430 ornus
592 377 730 431 chorus
755 376 1011 432 nnuusnrnn.
1228 359 1295 430 357

143 528 203 594 sibi
217 530 372 597 contrariu
384 532 572 618 Apostolum
586 535 742 600 dicentem
756 535 965 601 ostendentes.
999 533 1058 599 Ait
1073 532 1173 599 leuim
1186 533 1295 598 stetim
1338 547 1429 636 myny-

144 631 177 695 in
191 634 300 698 eadem
311 635 443 720 epistola
453 636 695 704 demonstrative
710 639 749 703 de
763 657 855 704 carne
866 638 911 705 sic
923 639 1060 703 ¹dicens:
1079 637 1203 723 Oportet
1216 635 1296 700 coion
1313 606 1450 728 ffisvfft

143 737 338 824 corruptibile
352 739 405 805 too
421 741 549 806 induere
567 742 812 828 incorruptelam,
834 751 862 807 ct
876 742 1001 806 mortale
1018 740 1071 806 too
1090 740 1219 804 indecere
1239 738 1294 802 im-
1308 734 1456 826 Q

142 841 365 908 necationem.
409 844 505 908 worn
526 853 628 909 ootrm
648 845 774 909 mortale
794 846 847 908 boc
868 844 1005 909 indoorit
1028 842 1294 918 iroroortolitrtom,
1308 845 1451 943 {genum

142 953 213 1007 tone
224 945 283 1026 fiet
303 966 400 1010 ser-roo
421 947 477 1032 qni
497 948 628 1032 comptos
648 957 708 1012 cet:
740 947 895 1034 Absorpto
917 956 959 1012 eet
979 951 1076 1011 8ναονο
1097 947 1132 1010 io
1153 944 1293 1010 victorio.

149 1042 209 1108 Uo·
231 1054 272 1109 cet
294 1068 373 1110 onore
397 1047 519 1112 acceleres
544 1048 638 1113 tone?
676 1048 739 1113 Ubi
764 1059 805 1114 oet
829 1071 909 1114 more
934 1049 1063 1114 ciderio
1086 1046 1167 1112 too?
1212 1045 1295 1110 Haec

141 1155 248 1213 cutem
264 1148 350 1234 juste
370 1150 514 1216 dicentur
534 1159 619 1231 tunc,
642 1152 767 1238 quando
788 1152 928 1217 mortalis
948 1152 1016 1216 haec
1036 1158 1069 1216 et
1088 1147 1295 1232 corruptibilis

141 1273 224 1329 caro,
249 1253 332 1318 circs
352 1275 446 1339 quam
468 1262 501 1319 et
524 1276 610 1320 mors
632 1263 692 1333 est,
716 1278 786 1343 qnae
810 1263 844 1320 et
867 1255 1002 1342 quodam
1025 1251 1162 1318 dominio
1185 1251 1295 1317 mortis

142 1379 249 1442 pressa
269 1365 328 1435 est,
353 1358 385 1421 in
408 1358 505 1422 vitem
530 1360 743 1424 conscendens
764 1358 899 1423 induerit
921 1356 1161 1442 incorruptelam
1183 1354 1295 1420 etim·

141 1460 373 1525 mortalitatem.
421 1460 510 1526 Tunc
532 1461 616 1526 enim
636 1484 707 1527 vere
728 1461 787 1526 erit
807 1461 889 1526 victe
906 1481 1000 1538 mors,
1025 1458 1148 1545 qnando
1168 1478 1206 1522 ec
1225 1477 1296 1544 quee

140 1563 319 1629 continetur
342 1565 383 1629 cb
406 1586 444 1629 en
467 1586 549 1641 cero,
574 1565 685 1630 exierit
709 1564 748 1630 de
770 1564 906 1629 dominio
930 1563 1009 1649 ejus.
1053 1562 1099 1626 Et
1123 1582 1230 1626 rursus
1254 1559 1295 1624 ad

141 1665 359 1752 Philippenses
378 1667 438 1732 sit:
463 1667 581 1732 Nostro
601 1678 704 1734 notem
723 1667 906 1732 conversatio
925 1667 960 1730 io
980 1666 1061 1730 coelis
1082 1675 1143 1730 cet:
1166 1665 1246 1729 endo
1268 1673 1297 1729 et
1309 1684 1436 1725 ructum

140 1769 330 1834 salvotorem
345 1779 545 1857 οοοροοίανννο
560 1771 727 1836 Dominum
740 1771 857 1847 Jcsom,
878 1770 932 1856 qni
945 1766 1176 1854 transfigurabit
1190 1790 1297 1855 corpor
1306 1741 1347 1781 ἠ’

139 1871 320 1938 humilitatis
333 1883 444 1938 nostroe
458 1876 607 1958 conformo
622 1873 742 1959 corpori
753 1872 863 1958 gloriae
875 1894 948 1949 ονιο,
962 1872 1026 1935 ⁴ito
1041 1881 1074 1935 ot
1082 1871 1182 1956 possit
1193 1894 1296 1935 recort-

140 1974 214 2039 dom
228 1977 430 2062 operationem
444 1978 570 2041 oirtotie
582 1999 655 2042 sooe.
694 1974 786 2058 Quod
800 1973 897 2061 igitur
910 1982 960 2039 est
973 1973 1159 2038 humilitatis
1173 1995 1295 2061 corpus,

140 2080 222 2164 quod
250 2080 485 2167 transfigurabit
511 2079 667 2145 Dominus
693 2079 920 2144 conformatum
945 2077 1065 2163 corpori
1087 2076 1194 2164 gloriae
1213 2079 1296 2143 suael

139 2182 367 2247 ⁶Msuil'estum
390 2190 440 2247 est
464 2181 610 2269 quoniam
628 2203 740 2266 corpus
755 2180 838 2267 quod
857 2188 907 2244 est
927 2200 1010 2257 cero,
1030 2183 1118 2264 tquoe
1138 2187 1170 2244 et
1193 2179 1293 2243 humi-

40 2301 121 2342 uooo.
139 2283 233 2347 listur
261 2283 376 2349 cadens
405 2283 437 2347 in
466 2292 590 2349 terrem.
638 2281 884 2369 'transfiguratio
909 2289 1016 2346 sutem
1042 2282 1120 2367 ejus,
1147 2281 1295 2371 quoniam

140 2467 485 2566 Μετασχηματίσμδο
523 2467 558 2540 δὲ
591 2469 697 2552 αὐτῆς,
730 2469 784 2539 ὅτι
821 2467 920 2550 θνητὴ
947 2468 1002 2538 καί
1031 2468 1171 2566 φθαρτῆ
1200 2465 1292 2551 οὖσα,
1304 2487 1430 2574 {¹⁰2⁸de

140 2579 306 2658 ἀθάνατος
343 2582 396 2653 καί
427 2579 608 2681 ἄφθαρτος
637 2581 775 2673 γίνεται,
813 2580 867 2650 οὐκ
893 2577 932 2673 ἐξ
959 2577 1041 2655 llice
1066 2577 1291 2664 ὑποστάσεως,
1306 2579 1441 2676 fflf'ffl

140 2693 231 2765 ἆλλᾶ
260 2693 347 2766 κατὰ
379 2694 438 2776 τὴν
472 2702 534 2765 τοῦ
566 2693 693 2791 Κνρίον
723 2693 896 2791 ἐνέργειαν,
928 2689 971 2762 τὸ
1007 2689 1162 2761 δύνασθαι
1194 2691 1294 2765 circo

140 2809 189 2895 τῷ
216 2810 323 2897 θνητῷ
348 2807 408 2889 τὴν
434 2807 627 2889 ἀθανασίαν,
657 2804 712 2875 καί
742 2812 792 2894 τῷ
827 2807 974 2903 φθαρτῷ
1008 2807 1292 2902 περιποιήσασθαι

141 2919 201 3001 τὴν
229 2920 434 3019 ἀφθαρσίαν.
504 2918 575 2988 Καί
602 2915 655 2988 διὰ
684 2918 790 2990 τοῦτό
817 2922 930 3016 φησιν·
967 2919 1020 2988 ἵνα
1046 2920 1224 3012 καταποθῇ
1249 2916 1294 2990 τίν

139 3145 210 3189 cum
230 3124 272 3190 sit
292 3125 432 3190 mortalis
451 3132 484 3190 et
498 3123 717 3210 corruptibilis,
733 3122 916 3188 immortalis
930 3123 967 3188 fit
985 3130 1019 3188 et
1037 3121 1291 3208 incorruptibilis:

139 3250 201 3293 nou
233 3230 404 3293 secuudum
436 3229 591 3315 propriam
621 3227 842 3302 substantiam,
877 3226 934 3292 sed
964 3227 1135 3292 secundnm
1164 3226 1293 3292 Domini

138 3330 360 3416 operationem,
385 3330 438 3418 qui
459 3339 564 3416 potest
586 3328 708 3394 mortali
738 3328 1014 3407 immortalitatem,
1044 3337 1076 3394 et
1101 3330 1293 3416 corruptibili

139 3435 329 3500 circumdare
351 3433 685 3519 incorruptibilitatem.
734 3433 779 3497 Et
800 3440 926 3519 propter
945 3432 1004 3497 hoc
1026 3431 1072 3496 sit
1089 3432 1139 3496 ⁷in
1156 3434 1293 3498 secunda

138 3537 178 3602 ad
195 3536 388 3603 Corinthios:
420 3537 461 3600 Ut
475 3535 668 3601 absorbeatur
682 3535 809 3601 cocao
822 3558 843 3599 o
859 3536 934 3601 vito.
982 3535 1043 3615 Qoi
1056 3546 1156 3600 cotem
1168 3538 1426 3622 perficitecoe.v.c

186 3767 196 3798 ¹
212 3767 265 3815 The
280 3767 325 3819 Cn.
344 3769 418 3817 omits
434 3766 498 3816 enim
512 3767 601 3816 rtatim.
636 3767 688 3817 An.
740 3772 841 3831 present
862 3766 900 3815 ito
915 3766 997 3828 nteit,
1021 3766 1070 3815 end
1087 3768 1151 3816 heve
1167 3767 1229 3816 been
1245 3769 1293 3819 dis·

136 3849 181 3896 has
193 3849 323 3897 ostendente
333 3849 420 3907 rtatim,
434 3848 483 3897 sud
494 3848 601 3898 dicantes.
740 3848 827 3912 pleced
838 3849 902 3897 trom
913 3849 995 3897 before
1006 3848 1134 3911 consor-roc.

185 3928 196 3960 ¹
212 3930 265 3978 The
279 3931 360 3979 clause
376 3931 396 3979 is
412 3929 524 3990 omitted,
543 3945 598 3978 crem
611 3935 691 3976 ouum
789 3928 800 3961 ⁶
816 3930 977 3992 Morrrycrtum
993 3937 1025 3978 ert
1036 3930 1157 3992 qrwniom,
1175 3932 1291 3991 δηλονότι.

136 4011 291 4074 corruptibile
324 4012 367 4061 hoc
400 4011 507 4060 induerit
541 4010 689 4073 incorrupte·
790 4010 801 4042 ⁸
824 4027 882 4074 ouer,
904 4011 993 4069 Voss„
1019 4012 1066 4060 but
1087 4014 1138 4061 As.
1157 4013 1200 4062 dcc.
1220 4013 1291 4076 σασα.

136 4091 194 4141 lom.
740 4091 793 4139 The
817 4091 918 4140 Onnum.
936 4092 1052 4140 however
1070 4094 1144 4141 omits
1162 4094 1205 4142 the
1224 4093 1292 4143 word

186 4174 197 4206 ⁸
213 4189 276 4222 onore
290 4191 341 4223 wrm
358 4174 478 4238 similarly
490 4173 604 4238 repeated
618 4177 646 4221 ct
661 4188 686 4236 p.
739 4172 884 4235 altogether,
898 4174 948 4221 sud
959 4174 980 4222 is
992 4190 1052 4238 very
1063 4174 1183 4239 probably
1193 4176 1268 4240 right

140 4271 194 4321 129,
214 4258 311 4320 though
328 4256 429 4305 odelerio
445 4256 495 4304 and
512 4256 610 4304 ocotene
625 4270 690 4303 were
788 4253 800 4287 ⁷
816 4254 869 4302 'l'he
880 4255 1052 4319 interpolation
1064 4257 1093 4304 of
1101 4257 1145 4304 the
1157 4256 1293 4320 Scriptuml

138 4337 208 4385 there
220 4337 374 4401 transposed.
740 4334 862 4383 reference
873 4335 907 4398 by
917 4335 960 4383 the
971 4336 1111 4397 trsnslntor,
1125 4343 1239 4401 suggests
1249 4340 1293 4389 the

185 4418 249 4466 ⁴ito
276 4426 302 4466 ut
323 4418 406 4480 poerit,
431 4418 474 4466 the
496 4416 577 4465 clsuse
606 4417 638 4465 ele
661 4416 690 4465 rb
740 4414 865 4479 suspicion
884 4416 940 4464 thet
959 4417 1002 4465 the
1024 4424 1122 4481 greater
1142 4419 1248 4467 number
1267 4421 1296 4469 of

137 4502 249 4560 γινέσθω
266 4500 287 4549 is
304 4498 408 4548 omitted
426 4498 451 4546 iu
467 4499 510 4546 the
527 4495 691 4557 trnnslstion;
740 4497 802 4545 such
816 4497 950 4549 references
967 4500 1031 4549 heve
1047 4517 1117 4550 come
1133 4502 1159 4550 in
1172 4502 1235 4551 from
1249 4503 1293 4553 the

138 4586 204 4629 most
215 4581 337 4646 probably
347 4581 469 4630 therefore
480 4580 550 4628 these
560 4576 642 4627 words
653 4592 690 4627 re-
740 4576 846 4640 margin.
