3000 4994
218 331 285 397 346
597 343 781 398 omasum
807 343 981 396 PROPAGO

172 549 177 559 .
285 498 316 561 2.
362 494 631 578 Quemadmodum
645 495 730 560 enim
749 496 830 561 oliva
849 497 1023 583 neglectat
1024 518 1150 582 empore
1168 496 1305 583 quodam
1325 498 1374 560 ¹in

153 600 377 665 *desertum
395 598 513 677 relicta,
533 607 567 665 et
586 598 748 686 sylvestria
770 599 968 676 fructificans,
991 600 1162 666 secundum
1183 622 1219 666 se
1242 601 1376 666 oleaster

111 687 158 743 2¹
219 703 274 778 fit;
298 702 346 768 vel
368 723 490 766 rursum
508 700 641 767 oleaster
663 702 875 789 ²diligentiam
900 702 1083 789 percipiens,
1111 711 1144 768 et
1169 702 1315 780 ¹inserta,
1340 703 1375 766 in

219 805 384 893 pristinam
407 814 529 871 naturae
556 806 687 871 recurrit
713 806 1002 872 fructificationem:
1034 807 1081 872 sic
1109 815 1142 872 et
1169 807 1350 871 homines
1340 829 1374 870 m

219 907 410 996 negligentia
424 909 597 987 constituti,
613 916 646 974 et
657 909 923 993 concupiscentias
935 910 1038 975 caruis
1048 917 1197 996 tauquam
1212 909 1375 996 sylvestria

220 1012 455 1092 fructificantes,
470 1013 641 1078 secundum
656 1034 746 1077 suam
761 1016 906 1077 ¹causam
925 1013 1108 1078 infructuosi
1119 1013 1244 1099 justitia
1258 1013 1376 1078 eonsti-

57 1138 168 1179 uersu.
177 1139 207 1178 ra
220 1123 360 1182 tuuntur.
406 1116 445 1180 In
459 1138 498 1181 eo
512 1116 596 1181 enim
611 1115 693 1202 quod
709 1116 866 1181 dormiunt
880 1113 1057 1194 homiues,
1048 1116 1239 1181 ruseminat
1230 1116 1377 1180 mimicus

57 1233 185 1274 Ιιιιιιὶν
221 1218 385 1283 materiam
399 1217 541 1283 zizaniae:
565 1226 597 1282 et
612 1226 738 1334 propter
751 1216 811 1282 hoc
826 1217 982 1282 Dominus
997 1217 1157 1304 discipulis
1170 1239 1236 1282 aurs
1248 1217 1376 1304 vigilare

57 1282 191 1367 dietih?
220 1320 380 1407 praecepit
424 1320 470 1385 Et
484 1342 590 1385 rursus
611 1320 866 1407 quiiniructuosi
880 1328 955 1384 sunt
969 1321 1117 1408 ⁴yust1tra,
1133 1330 1165 1386 et
1180 1321 1264 1386 velut
1278 1320 1376 1385 senti·

220 1425 279 1488 hus
288 1422 424 1488 obvoluti
435 1423 586 1499 homines,
597 1423 640 1487 ⁴sr
650 1421 843 1508 diligentiam
852 1422 1035 1508 percipiant
1045 1422 1183 1488 etvelut
1175 1422 1377 1488 rusertrouem

219 1521 409 1609 accipientes
431 1522 558 1586 verbum
582 1520 683 1600 Dei,
674 1543 708 1585 ru
729 1520 892 1607 pristinam
914 1522 1042 1586 veniunt
1065 1522 1199 1586 hominis
1219 1532 1375 1598 naturam,

220 1646 290 1690 eam
316 1646 385 1712 quae
407 1625 579 1690 secundum
601 1623 770 1712 imaginem
793 1632 826 1688 et
849 1622 1084 1688 similitudinem
1105 1625 1207 1689 ¹facta
1230 1633 1279 1689 est
1299 1625 1373 1689 Dei.

222 1728 285 1793 Sed
307 1728 566 1815 quemadmodum
591 1728 723 1792 oleaster
746 1727 892 1805 insertus,
916 1727 1124 1792 substantiam
1148 1728 1272 1815 quidem
1297 1728 1375 1815 ligni

221 1852 284 1896 nou
308 1832 436 1909 amittit,
461 1832 661 1919 ¹⁵qualitatem
684 1838 790 1895 autem
816 1832 936 1896 fructus
961 1831 1116 1910 immutet,
1142 1841 1175 1897 et
1199 1832 1284 1896 aliud
1307 1854 1377 1919 per·

222 1933 298 2020 cipit
314 1934 508 2012 vocabulum,
523 1935 590 2020 jam
612 1955 675 1998 non
697 1932 840 2011 oleaster,
855 1933 911 1998 sed
934 1934 1087 1999 fructifica
1108 1935 1188 2000 oliva
1209 1935 1376 2014 exsistens,

221 2039 273 2101 ¹¹et
287 2034 418 2101 dicitur:
446 2036 491 2101 sic
506 2043 539 2101 et
552 2036 647 2100 homo
661 2057 716 2121 per
729 2034 824 2099 fidem
839 2035 984 2113 insertus,
1000 2045 1032 2101 et
1046 2057 1208 2101 assumens
1224 2036 1378 2122 Spiritum

223 2138 294 2216 Dei,
315 2138 524 2204 substantiam
544 2138 669 2223 quidem
694 2138 797 2203 camis
822 2159 885 2202 non
907 2137 1036 2216 amittit,
1064 2138 1245 2222 qualitatem
1269 2148 1378 2204 autem

222 2240 342 2306 fructus
361 2262 489 2328 operum
509 2241 684 2319 ⁷immutat,
699 2248 732 2305 et
754 2240 838 2305 aliud
858 2240 973 2324 accipit
988 2241 1181 2321 vocabulum,
1196 2242 1379 2330 significans

222 2342 307 2409 illam
333 2365 403 2431 quae
432 2343 466 2408 iu
494 2342 605 2409 melius
634 2351 684 2408 est
713 2342 1034 2422 ¹transmutationem,
1060 2344 1129 2430 jam
1157 2366 1221 2410 non
1248 2367 1322 2411 caro
1345 2352 1380 2410 et

222 2445 362 2534 sanguis,
376 2446 433 2512 sed
446 2445 541 2512 homo
552 2444 700 2533 spiritalis
714 2444 878 2523 exsistens,
894 2447 946 2510 ¹et
962 2445 1086 2511 dicitur.

289 2555 321 2618 3.
362 2550 631 2633 Quemadmodum
654 2557 761 2614 autem
788 2570 895 2614 rursus
919 2548 1062 2629 oleaster,
1088 2549 1116 2614 si
1141 2570 1203 2614 non
1227 2549 1379 2636 pereipiat

224 2653 436 2733 insertionem,
451 2661 628 2742 perseverat
645 2652 764 2717 inutilis
787 2673 845 2717 suo
868 2651 1005 2716 Domino
1025 2674 1080 2736 per
1094 2674 1183 2716 suam
1197 2653 1381 2740 sylvestrem

224 2757 418 2844 qualitatem,
433 2765 467 2822 et
481 2755 570 2844 quasi
585 2757 811 2821 infructuosum
832 2753 952 2841 lignum
974 2754 1139 2834 exciditur,
1163 2763 1196 2820 et
1217 2754 1249 2819 in
1273 2755 1381 2842 ignem

223 2858 374 2934 mittitur3
401 2860 448 2925 sic
473 2866 507 2924 et
532 2858 626 2923 homo
649 2880 712 2923 non
737 2877 900 2922 assumens
925 2877 981 2942 per
1005 2856 1099 2920 fidem
1122 2856 1258 2943 Spiritus
1283 2858 1382 2923 inser-

223 2961 350 3040 tionem,
363 2969 539 3047 perseverat
553 2961 613 3026 hoe
627 2982 696 3026 esse
711 2960 793 3046 quod
808 2968 875 3024 erat
889 2966 973 3037 ante,
989 2980 1061 3024 caro
1075 2967 1108 3024 et
1122 2961 1267 3047 ⁸sanguis
1281 2962 1381 3027 exsis-

224 3071 305 3143 tens,
321 3064 467 3151 Regnum
483 3063 544 3130 Dei
566 3063 749 3129 haereditate
770 3062 928 3148 possidere
945 3084 1008 3127 non
1023 3070 1137 3147 potest.
1174 3063 1261 3129 Beue
1282 3064 1380 3151 igitur

59 3197 124 3239 1001.
132 3196 207 3234 xero
226 3167 400 3252 Apostolus
435 3168 491 3246 ait,
537 3169 617 3232 Uero
647 3177 676 3233 ct
706 3167 832 3252 sooyuis
865 3166 1004 3252 Itcpoum
1036 3166 1100 3230 Dei
1126 3167 1284 3252 possidere
1319 3186 1471 3234 raons-⁴1⁴-

60 3294 200 3336 nmnu.
217 3278 354 3356 potatam.
408 3269 463 3348 Et,
483 3271 539 3357 qni
565 3271 600 3334 in
622 3291 715 3335 cartre
735 3279 814 3348 atat,
834 3269 902 3333 Deo
918 3268 1045 3355 placere
1069 3291 1128 3334 ooo
1144 3280 1287 3356 possunt·
1315 3294 1381 3337 uon

225 3371 434 3438 substantiam
457 3372 602 3460 rejiciens
622 3372 735 3452 carnis,
755 3371 811 3437 sed
831 3371 1017 3437 infusionem
1047 3372 1182 3459 Spiritus
1206 3372 1381 3443 attrahens.

273 3573 328 3623 ¹in
343 3574 468 3637 dmum,
482 3576 535 3626 κατ’
546 3578 639 3640 ἔρημον.
674 3575 773 3625 (lunam
827 3580 881 3635 trec,
899 3573 940 3624 ie.
952 3572 996 3621 the
1007 3571 1108 3622 Gentile
1122 3573 1143 3622 is
1158 3574 1230 3623 made
1243 3574 1381 3626 ommitten-

223 3657 264 3707 lor
274 3656 395 3720 quonium,
409 3659 455 3708 has
469 3658 574 3721 quodam
587 3658 710 3719 inscrtum,
725 3658 776 3706 and
827 3655 880 3718 allp
890 3655 943 3704 saie
953 3654 979 3703 in
990 3654 1033 3703 the
1045 3655 1090 3703 arlr
1103 3656 1131 3703 ot
1146 3655 1249 3705 Christ's
1263 3657 1382 3721 chumh3

224 3739 264 3790 scr
273 3754 305 3802 ec,
317 3740 414 3805 shortly
425 3741 496 3800 aiter,
510 3740 540 3792 ri.
827 3739 859 3787 he
869 3754 902 3786 no
913 3737 994 3786 where
1005 3737 1090 3785 makes
1101 3737 1144 3786 the
1155 3743 1225 3802 great
1236 3740 1344 3789 mistake
1355 3743 1386 3791 oi

273 3819 286 3852 ¹
302 3823 438 3882 ἐπιμελείας
449 3824 536 3885 τυχών,
550 3823 600 3871 and
608 3822 624 3871 l.
634 3822 740 3870 ἐπανίτω.
827 3819 964 3884 supposing
973 3819 1031 3866 that
1041 3819 1084 3866 the
1092 3819 1150 3867 wild
1161 3820 1226 3868 olive
1234 3821 1337 3884 branch,
1345 3823 1382 3889 by
1451 3866 1455 3873 ,

275 3902 347 3954 ⁸i.e.
366 3904 479 3967 crdpom:
507 3905 637 3963 Κατὰτὴν
650 3904 729 3952 αὐτῶν
742 3903 776 3950 αἱ·
827 3901 955 3960 insertion,
968 3917 1013 3948 can
1025 3901 1120 3964 change
1134 3901 1167 3949 its
1178 3907 1267 3951 nature
1278 3919 1307 3952 or
1320 3905 1383 3954 hear

224 3986 280 4033 τίαν
291 3987 395 4047 ἄκαρποι
408 3984 440 4047 τῇ
456 3988 592 4047 δικαιοσύνῃ
609 3987 774 4034 καθίστανται.
827 3982 871 4030 the
881 3986 938 4030 true
948 3982 1028 4041 olivs;
1045 3982 1125 4031 which
1143 3999 1189 4031 our
1199 3984 1291 4033 author
1300 3987 1382 4035 mani·

222 4067 774 4129 Ἐντῷγὰρκαθεύδειντοιίτὥθρώταιακτλ.
828 4063 902 4127 iestly
913 4062 971 4111 does
982 4068 1068 4112 asaert.
1097 4065 1149 4112 Aa.
1163 4063 1278 4114 admittit.

274 4148 347 4198 ¹011.
356 4149 430 4208 hasa,
441 4149 604 4198 andomitssi.
628 4149 774 4211 Anfnctus.
877 4144 1033 4205 Medicum,
1047 4146 1099 4194 Aa.
1112 4147 1158 4206 bis,
1171 4146 1278 4197 odiritur.

274 4231 286 4264 ¹
301 4231 776 4295 Theiatherpressesthebotanicalme·
876 4226 888 4260 ⁷
903 4226 1036 4276 immutat..
1047 4228 1305 4289 ..transmutationem
1322 4248 1382 4281 κατ-

225 4314 316 4377 taphor
327 4314 355 4362 oi
365 4315 408 4362 the
420 4315 526 4378 Apostle
539 4314 635 4362 further
649 4314 711 4362 then
725 4327 776 4360 was
829 4310 988 4358 αλλίσαει...
997 4312 1165 4371 καταλλαγήν.
1198 4310 1250 4360 Aa.
1263 4311 1381 4365 inmittet.

226 4394 352 4444 intended.
386 4395 431 4443 All
439 4396 495 4444 that
502 4394 527 4444 S.
539 4394 604 4443 Paul
614 4410 671 4458 says
679 4394 708 4454 is,
720 4394 775 4442 that
876 4390 888 4422 ¹¹
905 4390 1103 4450 sochemanis,
1114 4391 1205 4452 Voss,
1213 4393 1278 4441 Vsu.
1288 4393 1380 4457 MSS,

227 4475 270 4525 the
280 4476 339 4524 wild
354 4476 418 4525 oliva
428 4477 521 4525 branch
537 4477 572 4540 hy
585 4476 704 4524 insertion
720 4491 775 4540 par·
827 4474 874 4523 but
888 4474 990 4534 cumr,
1010 4474 1138 4538 following
1153 4475 1196 4523 the
1213 4477 1275 4536 Aa,
1295 4478 1341 4527 has
1362 4488 1384 4527 et

226 4557 299 4606 takes
309 4556 338 4606 ol
345 4557 388 4606 the
398 4563 448 4605 root
458 4557 511 4607 und
522 4557 617 4620 fulmo
627 4557 657 4619 of
667 4557 705 4606 tte
716 4556 777 4606 olive
827 4556 928 4619 sanquis
937 4556 1046 4619 Ibffltum
1057 4555 1106 4605 Det
1116 4571 1165 4604 non
1172 4556 1305 4619 possidens.
