3000 4994
607 351 802 405 uuusaua
1212 339 1279 403 405

131 510 195 606 ἔξει
225 509 287 582 τάν
321 509 462 610 ἀριθμὸν
490 505 586 607 χξη-’.
642 509 1009 609 Ἀνακεφαλαιούμενος
1038 512 1070 582 ε’ν
1101 512 1190 601 adrui
1223 511 1283 594 την
1322 523 1414 610 ξξξηζ

30 654 111 698 μονα
132 623 201 724 πρὸ
229 630 292 696 τοῦ
315 629 551 707 κατακλυσμοῦ
575 625 689 694 πᾶσαν
717 623 840 694 κακίαν·
856 676 975 694 ......
992 625 1071 694 Νῶε
1104 622 1172 724 γὰρ
1202 625 1283 696 ε’τῶν
1330 616 1413 702 ‘le

133 736 320 832 ἑξακοσίων,
346 736 399 807 καὶ
426 733 659 820 κατακλυσμὸς
684 736 808 818 ε’πῆλθε
833 739 877 830 τῇ
895 739 940 831 γῇ
959 740 1002 816 είς
1023 734 1201 834 ε’ξιίλειψιν
1225 744 1283 819 τῆς
1311 707 1428 794 {illd

133 851 307 949 ἀμαρτίας,
325 902 444 919 ......
461 847 826 947 Ἀνακεφαλαιοιίμενος
859 846 893 919 δὲ
929 851 982 921 καί
1016 850 1076 934 τὴν
1113 847 1182 921 ἀπὸ
1221 854 1284 921 τοῦ

132 967 370 1045 κατακλυσμοῦ
388 965 502 1032 πᾶσαν
525 960 809 1060 είάιυλολατρείαν,
831 1014 950 1032 ......
966 964 1083 1061 μέχρις
1112 964 1152 1034 orl
1177 966 1195 1044 ἦ
1220 967 1285 1034 τοῦ

134 1073 455 1173 Ναβουχοδονόσαρ
487 1074 717 1145 ἀνασταθεῖσα
757 1072 855 1158 εἰκῶν,
888 1073 958 1158 ἥτις
994 1071 1085 1171 ὕψος
1115 1073 1175 1160 μὲν
1213 1074 1284 1172 εἶχε

134 1193 248 1284 πηχῶν
271 1187 437 1283 ἑξήκοντα,
457 1184 547 1285 εὖρος
570 1184 605 1257 ἀὲ
625 1191 739 1283 πηχῶν
762 1185 802 1283 ς’
801 1239 951 1257 .......
957 1187 1052 1270 “Ona
1070 1186 1138 1288 γὰρ
1157 1192 1175 1270 ἦ
1195 1186 1284 1259 είκίνν

135 1301 233 1384 ε’κείνη
251 1302 467 1400 προτιίπιυσις
483 1301 519 1382 ἧν
543 1307 601 1382 τῆς
625 1305 688 1371 τοῦ
712 1298 933 1398 ἀντιχρίστου
951 1302 1144 1400 παρουσίας.
1165 1352 1282 1370 ......

136 1411 192 1484 Τὰ
213 1410 267 1484 crin
287 1412 321 1509 χ’
337 1415 395 1496 ἔτη
417 1419 481 1484 τοῦ
506 1412 593 1497 Νῶε,
620 1412 675 1511 ἐφ’
701 1413 742 1483 orl
765 1413 784 1483 ὁ
808 1411 1042 1497 κατακλυσμὸς
1069 1415 1203 1507 ἐγένετο
1231 1410 1284 1484 διὰ

135 1526 195 1609 τὴν
215 1525 439 1610 ἀποστασίαν,
457 1524 510 1597 καί
529 1527 548 1595 ὁ
566 1523 736 1622 πηχισμάς
752 1532 810 1608 τῆς
829 1527 958 1610 εἰκόνος,
975 1578 1093 1596 ......
1107 1525 1168 1598 τὸν
1192 1526 1286 1626 ἀριθ-

135 1637 207 1723 μὸν,
237 1642 276 1715 ὡς
308 1639 442 1738 εἴρηται,
475 1637 668 1721 σημαίνουσι
695 1642 758 1709 τοῦ
785 1639 958 1723 ὀνόματος,
983 1642 1026 1716 είς
1052 1639 1089 1711 ὃν
1114 1635 1286 1737 συγκεφα-

136 1757 291 1823 λαιοῦται
329 1755 395 1822 τῶν
429 1790 471 1853 ης·
504 1752 586 1822 ε’τῶν
619 1753 715 1822 πᾶσα
748 1750 957 1837 ἀποστασία,
987 1752 1041 1823 καί
1080 1751 1197 1837 ἀδικία,
1231 1751 1285 1823 καί

136 1865 285 1964 πονηρία,
299 1915 413 1933 ......

75 2045 79 2051 ’
136 2040 204 2126 ejus
225 2038 353 2103 habebit
376 2059 548 2117 numemm,
575 2046 739 2105 sexcentos
760 2039 925 2128 sexaginta
942 2062 1009 2118 sex,
1030 2040 1237 2127 recapitulans
1257 2041 1290 2105 in

136 2141 303 2228 semetipso
325 2162 448 2206 omnem
463 2163 533 2228 quae
547 2142 606 2206 suit
623 2149 697 2208 ante
713 2142 860 2208 diluvium
878 2143 1005 2207 malitiae
1024 2143 1289 2222 commixtionem,

136 2267 206 2330 quae
223 2245 306 2309 lacta
319 2252 367 2309 est
382 2266 422 2308 ex
436 2245 591 2331 ¹angelica
602 2245 771 2331 apostasia.
801 2244 832 2308 N
833 2266 870 2309 oe
885 2245 969 2310 enim
982 2245 1042 2310 suit
1053 2266 1205 2309 annorum
1219 2267 1290 2310 sex-

136 2354 307 2427 centorum,
319 2355 352 2412 et
360 2347 507 2412 diluvium
516 2346 642 2412 advenit
650 2355 751 2426 terrae,
764 2347 871 2412 dalens
882 2346 1189 2412 ²inresurrectionem
1198 2353 1290 2412 terrae

135 2461 263 2539 propter
288 2451 509 2538 nequissimam
538 2451 781 2538 generationem,
806 2472 876 2536 quae
902 2451 962 2516 luit
992 2451 1185 2536 temporibus
1209 2450 1289 2516 Noe.

137 2556 361 2641 Recapitulans
371 2564 476 2620 autem
486 2562 520 2620 at
532 2576 656 2619 omnem
665 2554 718 2639 qui
733 2553 793 2618 luit
804 2553 965 2619 ³adiluvio
975 2559 1292 2619 errorem⁴commen·

136 2667 270 2724 tatorem
284 2659 446 2738 idolorum,
462 2667 495 2724 et
510 2658 730 2744 prophetarum
748 2657 996 2722 interiectionem
1010 2667 1043 2723 et
1057 2657 1292 2722 succensionem

132 2763 300 2849 justorum.
331 2763 389 2827 llla
404 2762 488 2827 enim
502 2784 572 2848 quaa
588 2762 647 2826 suit
661 2783 681 2825 a
697 2760 985 2826 Nabuchodonosor
999 2760 1162 2824 ⁴instituta
1176 2759 1291 2848 imago,

137 2863 331 2930 altitudinem
342 2866 468 2953 quidem
481 2865 591 2930 habuit
603 2863 777 2929 cubitorum
791 2863 966 2949 sexaginta,
975 2862 1172 2928 latitudinem
1186 2871 1293 2928 autem

136 2969 329 3034 ⁵cubitorum
344 2992 421 3034 sex:
439 2974 687 3056 propter⁶quam
701 2976 734 3033 et
750 2967 904 3046 Ananias,
915 2975 949 3032 et
964 2966 1106 3045 Ararias,
1118 2975 1151 3032 et
1167 2967 1293 3047 Misael,

136 3094 199 3138 non
218 3073 384 3138 adorantes
398 3094 478 3151 eam,
494 3072 526 3136 in
541 3071 698 3138 caminum
716 3069 893 3135 missisunt
911 3068 1003 3156 ignis,
1018 3090 1074 3155 per
1092 3067 1134 3146 id,
1150 3069 1233 3153 quod
1247 3069 1294 3134 eis

136 3175 248 3254 evenit,
266 3174 488 3260 pmphetantes
506 3196 576 3239 earn
596 3196 666 3260 quae
686 3171 719 3236 in
740 3172 835 3237 finem
855 3171 961 3236 lutura
980 3178 1030 3236 est
1047 3172 1205 3258 justorum
1224 3194 1294 3238 auc·

136 3278 252 3343 censio.
284 3277 441 3341 Universa
455 3277 538 3341 euim
549 3277 653 3365 imago
667 3275 720 3340 illa
731 3275 942 3362 praefiguratio
956 3275 1016 3340 fuit
1027 3274 1121 3364 hujus
1132 3275 1293 3355 adventus,

135 3382 177 3445 ab
200 3378 344 3444 omnibus
366 3378 492 3442 omnino
517 3378 695 3443 bominibus
717 3377 819 3463 ipsum
840 3378 941 3442 solum
970 3377 1139 3443 decernens
1161 3377 1294 3445 adorari.

138 3480 286 3545 Sexcenti
306 3481 411 3566 itaque
431 3480 504 3544 anni
527 3479 607 3557 Noe,
628 3480 688 3544 sub
702 3501 764 3566 quo
783 3480 842 3544 luit
857 3480 1007 3545 diluvium
1025 3489 1152 3567 propter
1170 3491 1294 3566 aposta·

34 3613 61 3652 c.
70 3611 112 3654 ιιι.
138 3583 227 3660 siam,
243 3590 276 3647 et
289 3602 436 3646 numerus
450 3580 623 3646 cubitomm
638 3581 793 3669 imaginis,
809 3590 934 3668 propter
953 3604 1046 3668 quarn
1057 3582 1136 3667 justi
1151 3583 1183 3646 in
1198 3583 1295 3648 cami·

138 3708 212 3750 num
228 3685 309 3772 ignis
323 3685 410 3750 missi
424 3693 508 3761 sunt,
529 3707 692 3750 numerum
712 3685 847 3750 nominis
866 3684 1024 3772 significat
1043 3683 1135 3762 illius,
1154 3684 1187 3748 in
1202 3707 1294 3771 quem

138 3789 359 3874 recapitulatur
377 3810 433 3853 sex
451 3786 582 3852 millium
599 3809 752 3853 annorum
771 3787 872 3853 omnis
891 3786 1059 3873 apostasia,
1078 3794 1110 3851 et
1129 3786 1293 3874 injustitia,

138 3900 171 3956 et
191 3891 338 3976 nequitia,
361 3900 394 3957 et
411 3889 703 3977 pseudoprophetia,
724 3898 757 3956 et
776 3889 881 3954 dolus:
906 3897 1032 3975 propter
1051 3909 1122 3974 quae
1141 3900 1174 3954 et
1197 3890 1293 3955 milu-

139 3995 220 4059 vium
235 3994 431 4081 superveniet
444 3993 535 4081 ignis.

188 4160 197 4191 ¹
216 4160 261 4209 See
273 4172 290 4209 1.
304 4171 343 4225 95,
359 4172 431 4219 2311.
448 4174 502 4226 190,
517 4173 539 4223 5.
738 4159 949 4220 resurrectionem,
964 4175 1012 4223 pro
1025 4161 1237 4213 insurrectionem.

187 4241 273 4292 ²th
293 4259 329 4293 ow
350 4244 433 4293 omnio
450 4243 555 4306 fallant,
582 4243 690 4293 Irmoeus
787 4241 867 4291 'Aa
880 4249 936 4291 ante
947 4241 1079 4294 dilucium.

138 4324 242 4388 scripsit,
268 4327 433 4375 ἐπανάστασιν
455 4327 498 4385 τῆς
514 4326 566 4385 γῆς,
587 4325 691 4373 insolen-
789 4323 800 4354 ⁴
819 4324 1055 4386 leomanentitorum‚
1074 4318 1119 4387 τῆν
1132 4327 1181 4376 τῶν
1192 4329 1295 4378 εἰδώλων

138 4407 208 4466 tiam,
225 4406 273 4455 ιιίκ
286 4407 442 4456 rebellionem
454 4412 534 4456 terrae.
570 4405 692 4468 Inteapm
741 4404 1048 4468 τλόνηνσννεψενσμένων.
1067 4410 1118 4458 ΑΒ.
1131 4410 1265 4460 οντιείίίιιια.

138 4503 192 4535 vcro
202 4495 246 4535 out
257 4488 320 4536 orale
330 4503 358 4537 ια
368 4502 421 4535 τινα
431 4501 483 4535 voce
488 4485 551 4548 fecit
561 4484 632 4544 duaa,
651 4485 691 4534 ἐπ’
789 4486 801 4518 ³
818 4488 870 4536 Aa.
882 4487 957 4537 omits
966 4489 1107 4552 ευόίιοιτιυι,
1119 4493 1168 4541 and
1179 4493 1224 4542 has
1232 4509 1293 4556 ηυιε.

140 4569 279 4627 ἀνάστασιν,
296 4576 340 4616 aut
357 4567 427 4616 ulam
444 4565 546 4616 barbare
559 4564 636 4626 vertit,
652 4566 688 4613 in·
789 4565 845 4617 lad
868 4569 1028 4631 condelucus
1053 4573 1215 4639 ὑπερβήσεται
1238 4577 1292 4639 πῦρ.
