3000 4994
455 355 612 410 nocuas
637 356 705 409 nn1
731 356 888 411 casnm.
1180 342 1246 410 299

93 511 177 577 enim
200 520 233 576 te
256 510 355 597 primo
380 510 506 596 quidem
529 510 668 577 ordinem
691 511 825 576 hominis
850 511 1016 591 custodire,
1040 518 1116 577 tunc
1135 510 1247 578 deinde
1277 531 1331 573 crs.
1341 531 1380 572 ιν.

93 615 279 700 participare
301 613 409 702 gloriae
429 613 502 679 Dei.
543 613 616 678 Non
639 613 722 679 enim
744 620 780 678 tu
798 615 903 680 Deum
923 613 1010 693 facis,
1031 614 1088 680 sed
1107 614 1196 681 Deus
1214 621 1246 680 te
1286 623 1380 709 GQJV·

93 719 178 784 iacit.
221 717 255 783 Si
275 740 350 805 ergo
365 739 458 804 opera
474 717 535 783 Dei
550 740 595 796 es,
611 740 737 784 manum
755 719 884 785 artificis
900 719 947 784 tui
971 726 1118 805 exspecta
1137 740 1247 804 oppor-
1268 716 1396 802 ξξξῗζῐζ·

93 828 170 885 tune
190 820 294 885 omnia
311 819 494 885 facientem:
519 828 690 906 opportune
709 829 826 899 autem,
842 831 994 907 quantum
1007 822 1048 887 ad
1068 831 1102 888 te
1120 821 1245 900 attinet,

95 924 147 1009 qui
167 923 305 989 efficeris.
349 923 472 987 Praesta
494 923 523 988 ei
544 932 650 988 autem
669 945 724 988 cor
743 932 832 988 tuum
853 924 945 989 molle
967 932 1000 989 et
1022 924 1194 1001 tractabile,
1214 931 1248 990 et

95 1027 215 1091 custodi
234 1029 365 1114 figuram
386 1035 494 1114 quate
514 1027 658 1114 figuravit
678 1024 808 1106 artifex,
824 1028 943 1093 habens
957 1028 989 1091 in
1003 1029 1168 1114 temetipso
1188 1028 1247 1092 hu-

95 1151 223 1208 morem,
240 1152 278 1195 ne
298 1130 459 1196 induratus
472 1131 600 1196 amittas
614 1130 746 1218 vestigia
760 1130 930 1218 digitorum
944 1131 1023 1217 ejus.
1061 1131 1248 1197 Gustodieus

94 1241 199 1297 autem
217 1233 517 1320 compaginationem
531 1235 681 1300 ascendes
697 1235 737 1299 ad
752 1235 939 1321 perfectum:
959 1235 999 1299 ab
1017 1234 1149 1300 artificio
1164 1235 1248 1300 enim

96 1334 158 1401 Dei
172 1337 372 1402 absconditur
387 1337 469 1423 quod
483 1345 533 1402 est
546 1337 579 1401 in
593 1346 625 1402 te
645 1337 756 1402 lutum.
796 1338 976 1404 Fabricavit
989 1339 1198 1404 substantiam
1215 1338 1249 1403 in

94 1434 127 1505 te
147 1461 258 1504 manus
272 1443 358 1526 ejus:
383 1440 471 1506 liniet
488 1450 521 1507 te
539 1441 580 1506 ab
602 1441 687 1506 intus
701 1449 733 1505 et
748 1464 768 1505 a
784 1442 860 1507 foris
872 1463 949 1506 auro
963 1463 1040 1526 puro
1060 1450 1094 1506 et
1106 1450 1247 1527 argento,

95 1551 128 1609 et
142 1543 174 1608 in
189 1553 311 1608 tautum
327 1544 450 1609 ornabit
464 1550 506 1624 te,
522 1552 558 1609 ut
572 1553 605 1609 et
619 1544 685 1630 ipsc
700 1545 772 1610 Rex
785 1545 985 1632 concupiscat
999 1545 1134 1630 speciem
1149 1553 1248 1611 tuam.
1261 1562 1355 1602 rnnv.
1364 1563 1394 1601 ιο

96 1647 130 1711 Si
146 1670 217 1713 vero
232 1650 340 1713 statim
355 1648 524 1712 obduratus
538 1669 666 1733 respuas
682 1654 797 1713 ¹artem
812 1650 890 1737 ejus,
906 1658 939 1715 et
958 1650 1100 1736 ingratus
1114 1648 1250 1714 exsistas

95 1751 127 1815 in
142 1772 223 1828 eum,
244 1752 391 1837 quoniam
411 1751 504 1816 homo
522 1752 624 1816 sactus
644 1773 689 1830 es,
710 1753 868 1840 ¹ingratus
883 1754 954 1819 Deo
973 1754 1085 1832 iactus,
1104 1752 1198 1818 simul
1216 1760 1250 1818 et

95 1862 194 1919 artem
212 1856 280 1940 ejus
299 1862 332 1919 et
350 1853 447 1919 vitam
465 1854 610 1920 amisisti.
658 1854 778 1921 Facere
796 1856 880 1920 enim
897 1857 1056 1943 proprium
1075 1864 1125 1921 est
1141 1854 1249 1942 benig·

96 1957 204 2022 uitatis
219 1957 299 2022 Dei:
322 1957 388 2023 fieri
402 1967 508 2023 autem
528 1958 685 2044 proprium
705 1967 754 2024 est
772 1959 908 2025 hominis
926 1969 1058 2026 naturae.
1098 1959 1133 2023 si
1152 1957 1252 2046 igitur

96 2061 261 2126 tradideris
274 2061 303 2126 ei
319 2062 401 2146 quod
416 2070 463 2127 est
479 2070 577 2140 tuum,
594 2062 625 2126 id
645 2070 703 2141 est,
719 2062 812 2128 fidem
828 2064 861 2126 in
875 2085 947 2129 eum
962 2072 994 2129 et
1012 2063 1249 2150 subjectionem,

97 2150 245 2249 ²recipies
267 2166 334 2250 ejus
352 2174 463 2243 artem,
478 2173 511 2229 et
533 2165 595 2230 eris
614 2165 785 2250 perfectum
800 2187 878 2251 opus
899 2166 971 2230 Dei.
1010 2166 1045 2230 Si
1064 2174 1169 2231 autem
1185 2187 1250 2231 nou

97 2267 305 2332 credideris'
278 2291 350 2346 er,e
353 2268 496 2355 tfugeris
510 2289 621 2333 manus
637 2269 715 2353 ejus,
729 2267 787 2333 erit
802 2290 896 2334 causa
914 2268 1178 2355 imperfectionis
1170 2292 1203 2334 rn
1216 2277 1250 2335 te

98 2370 150 2456 qui
165 2392 227 2440 non
242 2371 384 2449 obedisti,
400 2372 456 2436 sed
476 2393 538 2436 non
553 2371 587 2434 in
605 2371 657 2435 illo
673 2370 725 2458 qui
740 2371 870 2437 vocavit
916 2371 973 2436 Ille
987 2372 1070 2436 enim
1084 2372 1179 2451 misit,
1195 2372 1249 2458 qui
1262 2392 1323 2432 nar„
1332 2392 1385 2431 nu.
1393 2392 1407 2430 r

98 2484 244 2540 vocarent
257 2477 297 2541 ad
310 2486 387 2562 nupt
389 2477 448 2552 ias;
473 2476 526 2560 qui
540 2484 646 2541 autem
661 2497 723 2540 non
738 2475 961 2540 obedierunt
933 2497 973 2554 er,
989 2474 1174 2562 semetipsos
1188 2475 1251 2562 pri·
1226 2449 1304 2489 “q

98 2588 245 2643 taverunt
260 2581 364 2667 3ιοςὶιι
379 2602 479 2645 coena

164 2685 195 2746 3.
240 2681 336 2747 Non'
327 2683 423 2769 igitur
437 2688 506 2747 2αιε
520 2681 625 2746 deficit
640 2681 724 2754 Dei;
744 2688 858 2798 potens
877 2688 926 2746 est
940 2679 1023 2746 enim
1043 2681 1082 2746 de
1096 2679 1251 2766 lapidibus
1263 2691 1323 2731 Hm
1333 2690 1391 2736 ΠΗ

98 2785 248 2850 suscitare
270 2785 349 2850 filios
372 2786 528 2850 Abrahae:
552 2785 607 2850 sed
630 2784 681 2849 iue
701 2784 753 2871 qui
773 2806 836 2848 non
857 2782 1056 2870 consequitur
1074 2804 1154 2862 eam,
1176 2782 1252 2848 eibi·
1263 2737 1341 2777 m
1351 2737 1409 2777 m

161 2979 329 3053 4Οὕτε
291 3014 333 3052 το
353 2987 423 3079 φῶς
445 2979 616 3075 ἐξασθενεῖ
638 2978 690 3051 διὰ
716 3012 793 3057 τονς
812 2979 944 3057 ἑαυτοὺς
968 2980 1248 3078 τνφλῶττοντας·
1261 3011 1392 3099 ‚i‘amrssi

101 3066 215 3164 θλλ’
200 3095 319 3164 εκεῖνον
342 3095 498 3177 μένοντος
516 3096 635 3165 ὁποῖον
651 3093 704 3164 καὶ
726 3093 828 3176 ἐστὶν,
850 3124 879 3163 οι
875 3093 1138 3191 ’τνφλιαθέντες
1156 3083 1250 3189 παρὰ
1263 3070 1392 3191 3²:3⁰³&

100 3239 159 3290 την
192 3206 301 3278 αἰτίαν
329 3238 388 3288 την
417 3207 539 3279 ἑαυτῶν
567 3208 600 3276 ἐν
634 3206 780 3305 ἆορασῖᾳ
806 3205 1038 3278 καθίστανται·
1073 3208 1160 3288 μήτε
1189 3196 1368 3275 ’ναῖ’ΗΜ

102 3422 167 3496 met
178 3435 243 3478 suae
258 3412 499 3499 imperfectionis
513 3421 561 3478 est
572 3433 677 3477 causa.
709 3411 777 3476 Nec
791 3411 875 3477 enim
889 3410 994 3476 lumen
1008 3409 1112 3477 deficit
1127 3417 1255 3496 propter

102 3537 166 3594 eos,
182 3515 235 3601 qui
256 3514 441 3599 semetipsos
455 3522 705 3580 excaecaverunt:
729 3513 785 3591 sed
807 3513 858 3577 illo
877 3520 1093 3599 perseverante
1112 3511 1204 3597 quale
1220 3518 1254 3576 et

102 3626 160 3697 est,
181 3618 330 3683 excecati
344 3640 398 3702 per
418 3639 507 3682 suam
522 3616 644 3701 culpam
663 3615 696 3681 in
714 3615 845 3703 caligine
861 3604 1105 3680 constituuntur.
1143 3613 1253 3699 Neque

101 3721 206 3786 lumen
229 3744 301 3786 cum
323 3742 439 3808 magna
463 3720 650 3794 necessitate
672 3718 817 3806 subjiciet
841 3718 901 3783 sibi
925 3738 1129 3805 quemquam:
1151 3736 1253 3800 neque

110 3956 115 3966 =
150 3929 279 3979 ¹0unurs.
294 3938 397 3993 panca.
432 3929 571 3977 Thesauro
593 3926 657 3976 MS.'
750 3924 889 3974 ‘Grmum
914 3922 958 3972 too
980 3921 1155 3985 frapmentum,
1180 3924 1208 3968 ut
1233 3927 1256 3969 et

102 4012 176 4059 omits
186 4011 300 4074 inproba
310 4010 376 4074 D.f.
389 4026 408 4061 a.
702 4021 799 4070 aequora
810 4005 882 4053 initio
899 4003 987 4066 capitia
1003 4015 1046 4052 ιιι.
1062 4017 1128 4050 auae
1142 4001 1254 4065 primum

151 4091 163 4123 ¹
178 4093 278 4155 recipies
289 4094 337 4155 α’νε
348 4101 430 4153 artem,
443 4092 503 4151 Au,
512 4090 653 4140 burcurt-
700 4087 792 4150 prodit
805 4102 834 4135 a
848 4086 943 4148 Beloqia
955 4086 1028 4135 MSS.
1045 4084 1168 4136 Iobonar'a
1181 4084 1253 4134 Pm-

103 4174 262 4235 ripr'eraatem
271 4175 326 4236 ejus.
347 4175 385 4222 At
395 4174 655 4222 thccornmencement
705 4169 779 4232 tytcri-
794 4167 955 4228 a‘Monacat,
973 4166 1090 4230 cod.313.
1104 4166 1255 4216 Brbtiotteooe
1328 4160 1330 4165 ’

103 4256 177 4303 ottbe
184 4261 245 4304 next
251 4256 344 4304 sectiou
352 4255 403 4303 aleo
412 4255 500 4302 forare
507 4254 550 4301 tho
557 4253 600 4301 Cu.
608 4251 655 4300 has
703 4252 763 4301 otim
773 4250 931 4313 Scprrcrioaoe,
945 4265 1011 4298 acac
1017 4248 1184 4299 Illustriarimi
1190 4249 1253 4303 DD.

103 4352 167 4398 quor,
177 4337 291 4385 butwith
299 4352 332 4384 an
343 4337 422 4384 entire
432 4335 481 4382 lose
493 4334 521 4381 os
528 4333 653 4396 meaning.
704 4333 810 4382 Hearici
823 4332 907 4382 caroli
918 4332 948 4380 de
961 4331 1063 4393 Oor'alia,
1082 4332 1125 4394 pai
1137 4331 1187 4394 ejas
1200 4332 1256 4381 odi·

151 4414 232 4476 ³Gn.,
254 4416 335 4464 Voss.
359 4417 436 4464 insert
458 4431 481 4474 a,
501 4414 547 4461 but
566 4414 587 4461 it
608 4429 655 4460 can
705 4421 756 4461 tum
777 4413 890 4461 Ιιαειενια
914 4411 1077 4472 imcrclucam,
1097 4427 1146 4474 pro
1162 4427 1207 4461 rao
1227 4411 1255 4460 in

102 4498 249 4560 correspond
261 4498 321 4546 with
335 4497 441 4560 nothing
458 4496 484 4543 iu
496 4494 586 4554 Greek,
605 4491 656 4541 aud
706 4495 788 4544 literar
813 4494 895 4542 madio
923 4510 953 4543 oc
976 4493 1126 4556 terripaitote,
1153 4493 1257 4544 moditia

103 4579 153 4625 Λιι.
167 4578 241 4626 omits
252 4579 280 4628 it.
705 4577 775 4626 modo
782 4575 903 4640 patefecit.
937 4575 1076 4627 Massun.

1043 4650 1167 4713 tt-a
