3000 4994
271 333 314 398 52
635 344 756 399 AC'PUS
782 343 1069 398 APOSTOLORUM.

128 529 181 615 app.
186 529 232 615 ,¹,{¹·
268 501 301 566 in
317 500 468 587 Spiritum
483 497 580 578 Dei,
570 519 603 562 ru
622 495 833 562 irremissibile
847 495 987 561 incidunt
1003 502 1176 581 peccatum.
1223 493 1268 558 Hi
1284 515 1355 558 vero
1370 491 1424 579 qni

114 622 247 708 prpprmt
269 611 377 669 sunta
392 601 575 679 Valentino,
591 600 704 665 iterum
719 599 906 664 exsistentes
926 606 1014 663 extra
1035 619 1160 663 omnem
1181 596 1335 674 timorem,
1351 615 1464 660 suaso.
1479 624 1482 632 v

153 715 208 754 Μ
271 705 514 792 conscriptiones
529 704 730 790 proferentes,
742 701 831 788 plura
845 702 959 767 habere
973 701 1153 788 gloriantur,
1170 722 1263 788 quarn
1278 699 1342 764 sint
1357 699 1425 784 ipsa

104 788 252 869 M
272 809 454 896 Evangelia.
499 806 689 896 Siquidem'
682 828 714 868 m
732 814 855 870 tantum
875 816 1091 891 processerunt
1111 803 1260 881 audaciae,
1280 801 1326 867 nti
1342 801 1425 887 qnod

269 915 309 978 ab
324 913 374 977 his
390 934 452 976 non
467 911 540 975 olim
555 910 764 995 conscriptum
777 916 836 985 est,
851 907 991 972 veritatis
1008 907 1222 994 Evangelium,
1239 905 1400 983 titulent,
1392 926 1425 968 ru

270 1016 366 1082 nihilo
396 1014 581 1081 conveniens
612 1012 835 1098 Apostolorum
866 1011 1054 1099 Evangeliis,
1077 1020 1112 1075 nt
1134 1033 1191 1075 neo
1219 1009 1424 1095 Evangelium

271 1119 396 1206 quidem
416 1118 458 1182 sit
472 1117 556 1203 apnd
570 1138 624 1180 eos
638 1115 705 1180 sine
719 1113 920 1200 blasphemia.
968 1113 1002 1177 Si
1024 1114 1107 1177 enim
1130 1114 1212 1199 quod
1232 1113 1273 1177 ab
1293 1112 1338 1176 eis
1355 1133 1424 1196 pro·

270 1222 377 1299 fertur,
393 1218 533 1284 veritatis
548 1226 596 1282 est
612 1215 828 1302 Evangelium,
844 1215 993 1280 dissimile
1008 1225 1056 1279 est
1070 1225 1175 1280 autem
1189 1216 1249 1280 hoc
1267 1214 1336 1290 illis,
1353 1237 1423 1301 quae

270 1323 311 1387 ab
338 1320 502 1407 Apostolis
532 1319 623 1385 nobis
645 1318 761 1382 tradita
789 1326 882 1393 snnt;
914 1318 966 1402 qui
993 1318 1109 1396 volunt,
1134 1325 1265 1404 possunt
1294 1317 1423 1394 discere,

272 1424 531 1511 quemadmodum
555 1445 595 1487 ex
617 1421 694 1508 ipsis
724 1421 892 1506 Seriptnris
914 1421 1097 1499 ostenditur,
1118 1423 1185 1507 jam
1212 1443 1274 1486 nou
1298 1441 1366 1484 esse
1392 1419 1424 1484 id

271 1528 354 1616 quod
376 1527 416 1591 ab
433 1525 595 1613 Apostolis
614 1524 764 1589 traditum
783 1532 831 1589 est
850 1524 990 1589 veritatis
1009 1523 1224 1612 Evangelium.
1269 1524 1424 1606 Quoniam

271 1638 376 1696 autem
388 1629 455 1695 sola
469 1629 521 1693 ills
533 1650 604 1695 vera
618 1636 651 1693 et
665 1629 764 1705 firma,
780 1636 812 1692 et
827 1648 889 1691 uon
904 1627 988 1711 capit
1002 1649 1102 1713 neque
1117 1626 1204 1713 plura
1218 1636 1426 1713 praeterquam

271 1733 421 1820 praedicta
445 1739 529 1809 sunt,
548 1752 648 1816 neque
672 1729 817 1816 pauciora
841 1751 910 1794 esse
935 1729 1115 1817 Evangelia,
1139 1752 1193 1816 per
1215 1738 1315 1796 tutet
1336 1739 1426 1795 tanta

272 1836 473 1902 ostendimus.
513 1835 639 1900 Etenim
658 1857 730 1900 cum
750 1835 854 1899 omnia
872 1840 1044 1922 composita
1062 1842 1095 1899 et
1112 1843 1187 1920 apta
1202 1835 1290 1898 Dens
1306 1834 1424 1912 fecerit,

272 1940 437 2025 oportebat
451 1948 484 2005 et
498 1939 633 2025 speciem
650 1939 812 2026 Evangelii
827 1940 906 2003 bene
921 1939 1135 2026 compositam,
1151 1947 1183 2004 et
1206 1940 1284 2003 bene
1301 1960 1426 2024 compa-

272 2041 413 2128 ginatam
427 2064 506 2108 esse.
554 2042 744 2107 Examinata
757 2041 853 2129 igitur
866 2042 1022 2106 sententia
1036 2064 1143 2108 eorum
1159 2041 1211 2128 qui
1227 2041 1316 2107 uobis
1330 2040 1426 2107 tradi·

272 2144 385 2209 derunt
408 2143 626 2231 Evangelium,
643 2167 682 2208 ex
704 2144 779 2229 ipsis
800 2145 958 2232 principiis
980 2146 1127 2233 ipsorum,
1149 2145 1308 2210 veniamus
1330 2145 1427 2209 etad

272 2247 408 2336 reliquos
433 2246 615 2335 Apostolos,
637 2256 670 2313 et
692 2247 907 2333 perquiramus
932 2249 1121 2314 sententiam
1141 2271 1248 2315 eorum
1271 2249 1311 2313 de
1335 2247 1423 2314 Deo:

272 2360 344 2438 post
357 2350 480 2429 deiude,
497 2350 581 2438 ipsos
597 2349 724 2415 Domini
739 2371 900 2416 sermones
913 2351 1088 2418 audiamus.

746 2553 848 2621 GAP.
870 2553 958 2620 XII.

396 2699 486 2789 Qua
509 2698 557 2774 sit
583 2698 807 2799 reliquorum
832 2701 1090 2801 Apostolorum
1115 2700 1295 2781 doctmaa.

339 2851 369 2913 1.
415 2848 551 2912 Parrus
575 2847 671 2933 igitur
685 2849 859 2935 Apostolus
875 2860 946 2936 post
964 2853 1223 2919 resurrectionem
1238 2854 1378 2933 Domini,
1394 2863 1427 2921 et
1444 2881 1495 2922 rar

272 2949 495 3014 assumtionem
518 2950 549 3011 in
575 2949 681 3028 ooelos,
706 2951 812 3016 voleus
835 2953 1002 3039 adimplere
1024 2955 1187 3021 duodecim
1204 2958 1427 3042 Apostolorum

273 3074 446 3130 nnmerum,
461 3062 494 3118 et
514 3052 659 3139 ¹allegerc
676 3076 733 3140 pro
747 3055 772 3119 J
773 3055 835 3120 nde
851 3056 994 3134 alterum,
1010 3079 1062 3143 qur
1055 3057 1195 3124 'electus
1212 3070 1296 3125 esset
1310 3082 1330 3125 a
1346 3061 1427 3140 Deo,

109 3175 259 3221 aaaron
273 3153 323 3218 his
338 3154 545 3238 anaderant,
565 3156 662 3221 dixit:
695 3157 767 3222 Viri
780 3161 912 3243 fratrea,
928 3159 1216 3248 oportebataimplora'
1231 3164 1428 3248 Scriptorum

108 3223 139 3260 ω’
273 3257 362 3334 barro,
387 3279 479 3344 quam
498 3259 654 3344 proedrur't
682 3262 821 3346 Spiritus
843 3272 964 3326 curtatus
986 3285 1037 3327 oro
1061 3264 1171 3328 David
1191 3264 1230 3329 da
1249 3266 1350 3343 Judu,
1374 3267 1429 3353 qui

265 3361 375 3445 factrus
387 3369 429 3424 ost
441 3360 506 3425 dua
518 3361 566 3426 bis
580 3384 634 3448 qur
628 3363 914 3449 apprehenderunt
901 3367 1039 3443 mesum
1056 3369 1199 3452 quonlam
1209 3379 1429 3435 aureumoratuo

110 3486 253 3528 munuae.
265 3464 338 3546 suit
355 3464 437 3528 lutor
454 3486 524 3528 uos:
548 3466 629 3530 Fiat
647 3465 842 3532 habitatio
813 3490 876 3552 orus
890 3468 1017 3547 daona,
1034 3480 1062 3534 et
1078 3493 1137 3535 aaa
1150 3472 1191 3535 rit
1209 3495 1263 3558 quo
1257 3471 1430 3537 inhabitat

112 3583 145 3623 ru
154 3583 237 3623 unta
275 3566 310 3630 iro
324 3586 377 3637 cur
395 3575 424 3629 ot
424 3565 666 3652 ,Episcopo-tum
680 3568 744 3653 ajars
757 3571 893 3655 amplat
906 3570 1001 3635 altor:
1021 3571 1274 3658 adimpletionem
1290 3577 1429 3661 Aposto-

108 3752 231 3840 palpum
274 3723 336 3806 τὴν
374 3724 607 3824 ἀναπλήρωσιν
646 3729 713 3796 τῶν
748 3724 1048 3799 Ἀποστόλων“’
1033 3761 1066 3800 εκ
1105 3736 1171 3802 τῶν
1210 3731 1274 3804 ὑπὸ
1313 3733 1431 3822 Δαβὶδ

110 3847 158 3886 Aet
168 3850 208 3895 Aa
275 3837 445 3937 εἰρημένων
473 3838 673 3921 ποιούμενος·

109 3892 242 3978 ¹pu'tlonm
173 3892 226 3931 coll.

111 3984 219 4080 ui1⁰¹¹¹¹¹
220 3995 375 4066 et'lorum
400 4024 441 4067 ex
466 4001 516 4066 his
541 4023 612 4087 qnae
637 4024 658 4067 a
684 4002 788 4067 David
816 4003 1007 4084 dictasunt,
1032 4007 1163 4074 faciens
1206 4009 1328 4076 Rursus
1356 4032 1429 4076 cum

277 4102 412 4190 Spiritus
422 4113 551 4171 sanctus
561 4105 797 4171 descendisset
788 4129 821 4171 ru
835 4107 1012 4194 discipulos,
1024 4112 1071 4175 uti
1081 4135 1189 4178 omues
1196 4115 1428 4201 prophetarent

327 4282 493 4333 ¹rocabulum
505 4284 687 4347 jurisconsultis
703 4285 827 4347 usitatum,
876 4287 1081 4340 adscribebantur.
1120 4292 1232 4343 Suarort.
1258 4293 1366 4343 Instanti
1390 4309 1432 4344 rra·

277 4364 469 4427 prolocutum
486 4367 623 4429 adjunpcre,
649 4363 789 4427 adscribere,
808 4373 829 4416 a
873 4370 939 4433 pina,
959 4378 986 4418 ut
1000 4372 1220 4422 molmodouatum
1232 4375 1260 4423 iu
1271 4375 1384 4425 ‹keuriua
1394 4377 1431 4426 al·

278 4447 468 4510 quusicoopture
483 4447 628 4510 ripur'ficuut.
662 4450 730 4499 Nam
746 4457 766 4498 rt
781 4450 829 4514 logi
877 4452 966 4516 lcycrot,
976 4453 1086 4504 Tiberim
1096 4455 1382 4517 uopaeutacallactururu.
1396 4459 1428 4510 G.

278 4528 426 4589 dicunntur,
444 4528 487 4591 qui
502 4529 532 4578 ir
544 4530 687 4581 Seuaurum
703 4548 830 4584 nanuum
926 4532 981 4584 ’ἐκ
999 4538 1055 4597 τῶν,
1077 4536 1120 4587 ie.
1139 4538 1222 4601 jurata
1257 4539 1353 4589 Ganna
1375 4541 1432 4591 first
