3000 4994
262 312 327 377 114
690 328 780 383 nus.
804 328 1003 383 samonum

125 502 178 544 ¹¹¹¹·
187 501 228 542 ¹¹¹·
265 486 349 566 θεὸς
375 483 552 582 ε’όοξόσθη,
583 519 615 559 αι
610 486 681 559 dd
697 489 881 627 warpei*
861 521 962 567 οντως
989 494 1071 561 θεῖαι
1103 488 1327 582 ἐγνώσθησαν,
1353 494 1420 561 τῶν
1434 511 1463 551 Μ-
1473 513 1499 550 21¹

100 595 400 683 ⁰d,¹⁸¹l11¹i⁷rdvrov
434 597 479 673 τά
511 598 595 673 oded
626 611 700 678 ταῖς
731 603 844 679 acircio
874 600 986 697 λε’ξεσι
1018 601 1072 673 καί
1100 613 1172 679 τοῖς
1206 603 1317 679 αὐτοῖς
1348 603 1421 674 ἀνό-

108 688 254 772 -sxt-s-
266 744 369 798 μασιν
400 710 694 813 ἀναγορευσάντων
725 714 783 785 ἀπ’
814 715 918 813 ἀρχῆς
950 716 1051 815 με’χρι
1083 711 1269 800 τελους,”
1243 746 1333 787 ωστε
1366 716 1420 786 καὶ

267 824 313 898 τά
348 828 503 926 παρόντα
543 828 617 910 ἔθνη
655 831 782 919 γνῶναι,
821 829 875 900 ὅτι
914 831 989 900 κατ’
1024 830 1197 901 ἐπίπνοιαν
1232 834 1295 901 τοῦ
1333 829 1421 899 Θεοῦ

270 939 353 1009 eicio
371 940 598 1039 ἦρμηνευμέυαι
625 942 661 1010 αί
681 941 825 1040 γραφαί.
867 941 937 1012 Καὶ
960 939 1049 1012 οόόέυ
1068 970 1110 1034 γε
1132 939 1335 1025 θαυμαστὸν,
1359 940 1421 1013 τάν

269 1051 355 1123 Θεάυ
383 1059 488 1124 τοῦτο
518 1053 732 1152 ἐνηργηκέναι,
760 1054 795 1129 ός
829 1081 870 1145 γε
898 1053 952 1124 καὶ
979 1055 1011 1123 ε’ν
1040 1057 1083 1148 τῇ
1110 1055 1163 1124 ε’πί
1193 1053 1422 1150 Ναβουχοδο-

271 1167 374 1264 νόσορ
411 1166 626 1262 αἰχμαλωσίᾳ
661 1171 726 1237 τοῦ
760 1172 846 1236 λαοῦ
883 1165 1132 1265 διαφθαρεισῶν
1167 1172 1234 1238 τῶν
1269 1172 1420 1266 γραφῶν,

269 1278 322 1349 καί
348 1276 435 1361 μετὰ
458 1277 687 1366 ἑβδομηκοντα
713 1281 771 1362 ἔτη
793 1284 860 1351 τῶν
880 1277 1046 1350 Ἰουόαίων
1067 1280 1273 1351 ἀνελθόντων
1296 1283 1338 1356 εἷς
1362 1280 1422 1362 rizo

270 1389 382 1489 χοίρου
422 1392 535 1476 adedo,
572 1393 688 1463 ἔπειτα
730 1392 763 1463 εὐ
799 1403 870 1469 τοῖς
908 1393 1042 1492 χρόνοις
1081 1390 1317 1491 Ἀρταξέρξου
1360 1397 1423 1464 τοῦ

270 1504 414 1603 Περσῶν
453 1504 628 1591 βασιλέως,
674 1506 859 1575 ἐνέπνευσεν
897 1504 1052 1604 ι”Εσθρᾳ
1092 1508 1141 1595 τῷ
1179 1508 1259 1605 ἱερεῖ
1295 1506 1329 1574 εἰς
1364 1513 1422 1587 τῆς

271 1623 377 1716 φυλῆς
421 1615 514 1701 Λευὶ,
545 1617 622 1694 τοὺς
666 1623 733 1689 τῶν
774 1620 1036 1717 προγεγονότων
1072 1622 1258 1718 προφητῶν
1295 1619 1422 1694 πάντας
1435 1640 1499 1679 (Ην

270 1729 504 1824 ἀνατάξασθαι
536 1730 668 1820 λόγους,
700 1731 753 1802 καί
780 1730 1063 1814 ἀποκαταστῆσαι
1095 1738 1148 1821 τῷ
1175 1738 1252 1822 λαῷ
1277 1732 1337 1814 riv
1369 1729 1422 1801 όιά

270 1842 419 1918 Μωσέως
445 1843 650 1926 νομοθεσίαν.

269 1990 460 2078 glorificatus
484 1997 544 2069 est,
564 1998 599 2056 et
622 1989 791 2076 Scripturae
813 2011 884 2057 vere
904 1990 1016 2056 divinae
1037 1991 1164 2058 creditae
1179 1997 1262 2069 sunt,
1278 1988 1423 2055 omnibus

269 2095 389 2174 eadem,
415 2103 449 2161 et
477 2095 593 2161 eisdem
616 2094 729 2174 verbis,
750 2105 783 2161 et
803 2095 921 2162 eisdem
944 2098 1131 2176 nominibus,
1156 2095 1360 2163 recitantibus
1382 2095 1422 2159 ab

270 2196 360 2263 initio
386 2219 484 2284 usque
510 2197 551 2263 ad
576 2198 690 2274 finem;
722 2198 769 2263 uti
798 2206 831 2264 et
857 2208 1028 2285 presentes
1055 2209 1165 2288 gentes
1187 2205 1421 2284 cognoscerent,

271 2299 418 2385 quoniam
432 2321 488 2385 per
500 2298 720 2385 aspirationem
737 2299 798 2365 Dei
819 2301 1048 2388 'interpretatas
1062 2309 1137 2367 sunt
1152 2301 1332 2386 Scripturae.
1377 2298 1423 2363 Et

103 2411 233 2498 ΜΨ
237 2460 259 2496 a
271 2424 334 2468 non
348 2424 417 2468 esse
431 2402 591 2468 ⁸mirabile
607 2402 711 2468 Deum
726 2403 785 2469 hoc
800 2402 833 2468 in
847 2403 894 2469 eia
907 2413 1079 2490 operatum,
1095 2404 1218 2491 quando
1240 2403 1274 2466 in
1292 2423 1331 2466 ea
1349 2423 1422 2485 cap-

107 2505 137 2544 ¹¹²
270 2506 393 2572 tivitate
412 2505 518 2594 populi
538 2528 609 2591 quas
632 2507 716 2573 iacta
734 2515 783 2572 est
799 2529 820 2572 a
839 2507 1127 2573 Nabuchodonosor
1150 2505 1303 2591 corruptis
1319 2504 1422 2589 Scrip-

268 2609 358 2688 turis,
374 2617 407 2676 et
421 2617 493 2696 post
506 2609 708 2696 septuaginta
720 2631 820 2675 annos
838 2609 862 2673 J
864 2609 963 2675 udaeis
984 2610 1245 2676 descendentibus
1268 2609 1301 2673 in
1322 2608 1422 2694 regio-

104 2701 215 2788 ᾆξ’ῗθζ
219 2702 243 2787 θ’
269 2735 341 2779 nem
355 2734 455 2788 suam,
470 2721 542 2798 post
556 2713 668 2778 deinde
679 2713 872 2800 temporibus
883 2713 1073 2778 Artaxerxis
1088 2712 1255 2778 Persarum
1267 2711 1360 2797 regis,
1377 2711 1423 2773 in·

102 2796 183 2937 2⁰33.
190 2841 233 2880 nv.
269 2816 399 2903 spiravit
414 2815 558 2894 Hesdree,
573 2816 727 2881 sacerdoti
743 2816 843 2881 tribus
859 2816 946 2896 Levi,
962 2816 1189 2901 preteritorum
1204 2812 1423 2899 prophetarum

270 2939 379 2984 ornnes
394 2939 600 2982 rememorare
614 2938 783 2997 sermones,
799 2925 833 2984 et
846 2918 1012 2984 restituere
1025 2917 1139 3005 populo
1154 2937 1224 2981 eam
1238 2915 1337 3003 legem
1353 2935 1423 3000 quae

270 3022 345 3087 data
359 3029 408 3087 est
422 3043 477 3107 per
494 3021 650 3107 Moysem

337 3128 368 3190 2.
413 3124 492 3190 Cum
507 3132 598 3189 tanta
616 3124 714 3211 igitur
728 3124 860 3190 veritate
873 3132 907 3191 et
920 3122 1024 3212 gratia
1038 3123 1100 3188 Dei
1115 3121 1345 3208 ²interpretatae
1358 3118 1424 3185 sint

272 3228 452 3314 Scripturae,
474 3248 514 3291 ex
530 3227 642 3312 quibus
653 3228 839 3314 praeparavit
849 3235 882 3294 et
892 3227 1071 3293 reformavit
1081 3227 1170 3293 Deus
1180 3226 1274 3291 fidem
1286 3232 1426 3290 nostram

272 3353 342 3419 quae
357 3331 391 3395 in
404 3331 522 3396 Filium
541 3332 610 3418 ejus
630 3338 689 3410 est,
707 3340 740 3396 et
754 3331 888 3396 servavit
902 3330 993 3395 nobis
1013 3329 1171 3414 simplices
1194 3329 1371 3416 Scripturas
1393 3327 1426 3390 in

155 3465 176 3523 χ
194 3449 221 3476 ¹·
274 3435 430 3522 AEgypto‚
452 3435 485 3499 in
503 3456 565 3522 qua
587 3435 722 3500 adolevit
740 3442 774 3500 et
793 3434 905 3500 domus
918 3433 1022 3499 Jacob
1042 3431 1194 3520 effugiens
1215 3431 1339 3509 famem,
1356 3451 1426 3515 quae

318 3585 327 3617 ¹
340 3586 825 3651 Insanusfollowsthestatementgiven
876 3592 981 3636 mestum
994 3584 1109 3635 lodoico
1125 3584 1256 3633 literatum
1263 3599 1309 3646 per
1321 3583 1427 3631 Ειάνο-υι

274 3674 301 3718 to
320 3670 371 3718 him
390 3670 424 3734 by
440 3669 517 3729 Jens,
531 3671 587 3719 who
603 3669 710 3719 referred
726 3669 767 3727 all,
788 3670 827 3718 sor
877 3674 966 3716 meet
982 3673 1151 3715 ιωιαυναλυυν.
1174 3664 1204 3713 de
1215 3665 1281 3714 [Iob.
1294 3665 1357 3713 Mal,
1373 3679 1394 3725 3,
1408 3671 1428 3711 ot

274 3751 355 3800 which
367 3752 426 3815 they
438 3751 510 3800 could
521 3757 566 3801 not
577 3752 704 3801 otherwise
711 3756 824 3812 account,
880 3750 954 3801 oum.
967 3750 1009 3799 Al.
1021 3749 1151 3798 Έτίτνους
1165 3749 1270 3809 Ἔσδρας
1282 3749 1295 3797 ὁ
1306 3747 1429 3807 Δευίτηςὸ

275 3837 302 3881 to
319 3833 362 3881 the
378 3832 507 3896 operation
522 3832 551 3881 oi
564 3833 627 3881 Erro
639 3831 678 3880 tle
688 3832 783 3888 Scriba
799 3847 826 3879 aa
879 3834 951 3895 ἱερεὺς
961 3833 1093 3894 γενόμενος,
1108 3832 1189 3881 πᾶσαν
1199 3833 1244 3881 τας
1252 3832 1357 3879 παλαιὰς
1365 3831 1430 3877 αὖθις

275 3914 336 3962 with
349 3930 379 3963 ns
392 3914 436 3963 the
447 3914 512 3978 legal
524 3930 636 3978 memory
649 3913 719 3963 dates
735 3914 799 3962 from
811 3929 828 3961 a
879 3917 1043 3974 ἀνανεούμενος
1054 3916 1221 3978 προεφήτευσε
1227 3914 1331 3976 γραφάς.
1343 3913 1428 3961 strom

275 3996 411 4061 particular
425 3997 503 4061 reign,
517 4012 545 4045 so
562 3997 622 4045 with
634 3997 677 4045 the
692 3996 770 4056 Jews,
785 3996 828 4044 the
879 4004 897 4042 1.
913 4006 951 4052 aa,
964 3991 1007 4040 fin.
1019 4007 1083 4042 vers.

276 4079 449 4129 eeclesiastical
469 4095 581 4143 memory
602 4078 672 4127 dates
696 4078 761 4127 from
785 4079 828 4127 tha
928 4071 993 4121 ¹Aa
1010 4089 1026 4121 a
1042 4073 1140 4136 passive
1147 4088 1154 4133 ;
1172 4073 1219 4120 but
1235 4071 1365 4135 deponent,
1386 4085 1428 4133 pp.

276 4160 419 4209 conclusion
436 4161 465 4210 oi
478 4162 521 4209 the
538 4160 668 4224 captivity,
687 4159 737 4208 and
753 4158 828 4208 much
883 4150 1007 4215 113,116.

277 4241 385 4306 grateful
401 4241 498 4305 regar-d,
511 4242 568 4290 that
581 4256 632 4289 was
643 4241 669 4288 in
680 4240 731 4289 fact
742 4240 791 4289 due
802 4244 829 4288 to
928 4234 939 4268 ⁸
956 4235 1050 4284 Galsa
1065 4250 1183 4300 proposes
1199 4239 1226 4283 to
1242 4233 1300 4282 read
1315 4237 1362 4288 ειυς
1377 4237 1432 4279 esset

277 4321 320 4368 the
331 4323 449 4385 prophete
460 4323 537 4372 inthe
548 4322 677 4386 captivity,
692 4337 742 4370 was
750 4326 829 4370 trana-
880 4320 985 4384 perhaps
1005 4320 1086 4383 might
1102 4320 1133 4368 be
1150 4318 1293 4383 preferable,
1314 4316 1373 4379 only
1389 4316 1432 4364 the

279 4400 358 4448 lerred
371 4406 397 4449 to
412 4403 476 4451 Em
489 4405 532 4452 the
543 4405 629 4452 scribe.
658 4403 829 4451 narniens
880 4402 961 4450 words
977 4401 1006 4450 ἂν
1023 4401 1136 4463 ᾔννοιθᾱ
1153 4401 1212 4449 then
1231 4400 1295 4447 have
1314 4399 1375 4446 been
1393 4414 1432 4445 ex·

279 4498 335 4544 says
347 4483 389 4530 the
395 4499 463 4532 same
470 4485 555 4547 thing:
568 4484 743 4548 dimaozyme
749 4484 828 4546 Baby·
881 4483 967 4547 pected
978 4484 1003 4531 in
1016 4484 1059 4532 the
1070 4483 1166 4540 Greek3
1185 4482 1230 4529 but
1241 4496 1299 4543 may
1311 4485 1355 4527 not
1367 4481 1433 4528 esee

280 4563 359 4612 Ιοιιίςα
375 4565 548 4626 expugnatione
559 4566 645 4625 deletio,
659 4581 726 4615 ουν-ιιι
738 4564 828 4614 instru-
880 4583 910 4627 γε
921 4569 1045 4629 represent
1056 4565 1099 4611 οὐκ
1110 4563 1137 4611 dr
1150 4560 1166 4623 ᾖ
1172 4565 1182 4611 i
