<?xml version="1.0" encoding="UTF-8"?>
<!DOCTYPE html PUBLIC "-//W3C//DTD XHTML 1.0 Transitional//EN"
    "http://www.w3.org/TR/xhtml1/DTD/xhtml1-transitional.dtd">
<html xmlns="http://www.w3.org/1999/xhtml" xml:lang="en" lang="en">
 <head>
  <title>
</title>
<meta http-equiv="Content-Type" content="text/html;charset=utf-8" />
  <meta name='ocr-system' content='tesseract 3.04.00' />
  <meta name='ocr-capabilities' content='ocr_page ocr_carea ocr_par ocr_line ocrx_word'/>
</head>
<body>
  <div class='ocr_page' id='page_1' title='image "./sanctiirenaeiep00harvgoog_0496.png"; bbox 0 0 3000 4994; ppageno 0'>
   <div class='ocr_carea' id='block_1_1' title="bbox 568 372 1271 439">
    <p class='ocr_par' dir='ltr' id='par_1_1' title="bbox 568 372 1271 439">
     <span class='ocr_line' id='line_1_1' title="bbox 568 372 1271 439; baseline 0.004 -5"><span class='ocrx_word' id='word_1_1' title='bbox 568 383 816 439; x_wconf 71' lang='lat' dir='ltr'>resonamus.</span> <span class='ocrx_word' id='word_1_2' title='bbox 1204 372 1271 437; x_wconf 84' lang='lat'>485</span> 
     </span>
    </p>
   </div>
   <div class='ocr_carea' id='block_1_2' title="bbox 118 541 1273 1551">
    <p class='ocr_par' dir='ltr' id='par_1_2' title="bbox 118 541 1273 1551">
     <span class='ocr_line' id='line_1_2' title="bbox 118 541 1273 648; baseline 0.003 -32"><span class='ocrx_word' id='word_1_3' title='bbox 118 548 137 616; x_wconf 85' lang='grc' dir='ltr'>ὁ</span> <span class='ocrx_word' id='word_1_4' title='bbox 164 543 199 616; x_wconf 72' lang='lat' dir='ltr'>di</span> <span class='ocrx_word' id='word_1_5' title='bbox 221 543 332 628; x_wconf 81' lang='grc' dir='ltr'>Ἀθᾶμ</span> <span class='ocrx_word' id='word_1_6' title='bbox 358 541 447 616; x_wconf 75' lang='grc' dir='ltr'>οὐδὲν</span> <span class='ocrx_word' id='word_1_7' title='bbox 472 545 556 621; x_wconf 81' lang='grc' dir='ltr'>ὅλως</span> <span class='ocrx_word' id='word_1_8' title='bbox 581 544 821 644; x_wconf 72' lang='grc' dir='ltr'>μαχεσάμενος,</span> <span class='ocrx_word' id='word_1_9' title='bbox 848 547 867 631; x_wconf 85' lang='grc' dir='ltr'>ή</span> <span class='ocrx_word' id='word_1_10' title='bbox 893 545 1077 641; x_wconf 80' lang='grc' dir='ltr'>άντιλίξας,</span> <span class='ocrx_word' id='word_1_11' title='bbox 1107 553 1171 620; x_wconf 88' lang='grc' dir='ltr'>τοῦ</span> <span class='ocrx_word' id='word_1_12' title='bbox 1193 579 1273 648; x_wconf 90' lang='grc' dir='ltr'>καρ-</span> 
     </span>
     <span class='ocr_line' id='line_1_3' title="bbox 119 655 1273 760; baseline 0.003 -33"><span class='ocrx_word' id='word_1_13' title='bbox 119 663 186 728; x_wconf 94' lang='grc' dir='ltr'>ποῦ</span> <span class='ocrx_word' id='word_1_14' title='bbox 208 662 402 756; x_wconf 71' lang='grc' dir='ltr'>μετειλήφει</span> <span class='ocrx_word' id='word_1_15' title='bbox 427 655 582 735; x_wconf 73' lang='grc' dir='ltr'>δοθέντος</span> <span class='ocrx_word' id='word_1_16' title='bbox 604 657 697 760; x_wconf 83' lang='grc' dir='ltr'>παρὰ</span> <span class='ocrx_word' id='word_1_17' title='bbox 722 667 780 743; x_wconf 75' lang='grc' dir='ltr'>τῆς</span> <span class='ocrx_word' id='word_1_18' title='bbox 803 662 967 751; x_wconf 84' lang='grc' dir='ltr'>γυναικός·</span> <span class='ocrx_word' id='word_1_19' title='bbox 997 662 1082 759; x_wconf 85' lang='grc' dir='ltr'>ὅπερ</span> <span class='ocrx_word' id='word_1_20' title='bbox 1103 660 1273 737; x_wconf 72' lang='grc' dir='ltr'>ἀσθενείας</span> 
     </span>
     <span class='ocr_line' id='line_1_4' title="bbox 119 767 1273 871; baseline 0.003 -31"><span class='ocrx_word' id='word_1_21' title='bbox 119 777 302 847; x_wconf 78' lang='grc' dir='ltr'>παντελοῦς</span> <span class='ocrx_word' id='word_1_22' title='bbox 330 770 382 840; x_wconf 78' lang='grc' dir='ltr'>καί</span> <span class='ocrx_word' id='word_1_23' title='bbox 413 767 485 847; x_wconf 80' lang='grc' dir='ltr'>νοῦς</span> <span class='ocrx_word' id='word_1_24' title='bbox 511 768 669 871; x_wconf 83' lang='grc' dir='ltr'>άνάνθρου</span> <span class='ocrx_word' id='word_1_25' title='bbox 698 773 792 844; x_wconf 82' lang='grc' dir='ltr'>ἐστίν</span> <span class='ocrx_word' id='word_1_26' title='bbox 821 771 998 868; x_wconf 76' lang='grc' dir='ltr'>ἀπόδειξις.</span> <span class='ocrx_word' id='word_1_27' title='bbox 1043 772 1091 842; x_wconf 88' lang='grc' dir='ltr'><strong><em>Ἡ</em></strong></span> <span class='ocrx_word' id='word_1_28' title='bbox 1117 771 1176 856; x_wconf 76' lang='grc' dir='ltr'>μὲν</span> <span class='ocrx_word' id='word_1_29' title='bbox 1204 771 1273 871; x_wconf 80' lang='grc' dir='ltr'>γάρ</span> 
     </span>
     <span class='ocr_line' id='line_1_5' title="bbox 120 881 1273 984; baseline 0.004 -32"><span class='ocrx_word' id='word_1_30' title='bbox 120 884 200 974; x_wconf 74' lang='grc' dir='ltr'>γυνή</span> <span class='ocrx_word' id='word_1_31' title='bbox 222 881 285 954; x_wconf 82' lang='grc' dir='ltr'>ὑπὸ</span> <span class='ocrx_word' id='word_1_32' title='bbox 312 881 464 967; x_wconf 77' lang='grc' dir='ltr'>δαίμονος</span> <span class='ocrx_word' id='word_1_33' title='bbox 487 889 816 969; x_wconf 86' lang='grc' dir='ltr'>καταπαλαισθεῖσα,</span> <span class='ocrx_word' id='word_1_34' title='bbox 840 887 1043 979; x_wconf 80' lang='grc' dir='ltr'>συγγνωστή</span> <span class='ocrx_word' id='word_1_35' title='bbox 1067 883 1226 984; x_wconf 77' lang='grc' dir='ltr'>ὑπάρχει·</span> <span class='ocrx_word' id='word_1_36' title='bbox 1253 888 1273 957; x_wconf 89' lang='grc' dir='ltr'>ὁ</span> 
     </span>
     <span class='ocr_line' id='line_1_6' title="bbox 121 993 1273 1090; baseline 0.003 -24"><span class='ocrx_word' id='word_1_37' title='bbox 121 994 155 1066; x_wconf 77' lang='grc' dir='ltr'>δὲ</span> <span class='ocrx_word' id='word_1_38' title='bbox 175 994 298 1080; x_wconf 77' lang='grc' dir='ltr'>Ἀδὰμ,</span> <span class='ocrx_word' id='word_1_39' title='bbox 322 1000 363 1072; x_wconf 83' lang='grc' dir='ltr'>ὡς</span> <span class='ocrx_word' id='word_1_40' title='bbox 387 993 452 1066; x_wconf 67' lang='lat' dir='ltr'>tud</span> <span class='ocrx_word' id='word_1_41' title='bbox 480 997 629 1087; x_wconf 78' lang='grc' dir='ltr'>γυναικὸς</span> <span class='ocrx_word' id='word_1_42' title='bbox 650 999 803 1081; x_wconf 79' lang='grc' dir='ltr'>ἡττηθείς</span> <span class='ocrx_word' id='word_1_43' title='bbox 828 999 1070 1090; x_wconf 79' lang='grc' dir='ltr'>άσιίγγνωστος</span> <span class='ocrx_word' id='word_1_44' title='bbox 1095 1000 1202 1082; x_wconf 79' lang='grc' dir='ltr'>ἔσται,</span> <span class='ocrx_word' id='word_1_45' title='bbox 1233 1003 1273 1077; x_wconf 78' lang='grc' dir='ltr'>είς</span> 
     </span>
     <span class='ocr_line' id='line_1_7' title="bbox 121 1108 1272 1208; baseline 0.003 -29"><span class='ocrx_word' id='word_1_46' title='bbox 121 1110 392 1208; x_wconf 81' lang='grc' dir='ltr'>αι’κτοπροσιίπως</span> <span class='ocrx_word' id='word_1_47' title='bbox 409 1108 469 1190; x_wconf 80' lang='grc' dir='ltr'>τήν</span> <span class='ocrx_word' id='word_1_48' title='bbox 497 1109 635 1193; x_wconf 79' lang='grc' dir='ltr'>ἐντολήν</span> <span class='ocrx_word' id='word_1_49' title='bbox 658 1110 758 1187; x_wconf 81' lang='grc' dir='ltr'>οὗτὸς</span> <span class='ocrx_word' id='word_1_50' title='bbox 787 1109 850 1181; x_wconf 75' lang='lat' dir='ltr'>rimi</span> <span class='ocrx_word' id='word_1_51' title='bbox 877 1111 964 1182; x_wconf 85' lang='grc' dir='ltr'>θεοῦ</span> <span class='ocrx_word' id='word_1_52' title='bbox 987 1108 1224 1195; x_wconf 76' lang='grc' dir='ltr'>κομισάμενος·</span> <span class='ocrx_word' id='word_1_53' title='bbox 1254 1115 1272 1193; x_wconf 86' lang='grc' dir='ltr'>ή</span> 
     </span>
     <span class='ocr_line' id='line_1_8' title="bbox 120 1219 1271 1322; baseline 0.003 -31"><span class='ocrx_word' id='word_1_54' title='bbox 120 1220 179 1305; x_wconf 82' lang='grc' dir='ltr'>μέν</span> <span class='ocrx_word' id='word_1_55' title='bbox 206 1220 275 1320; x_wconf 78' lang='grc' dir='ltr'>γὰρ</span> <span class='ocrx_word' id='word_1_56' title='bbox 295 1222 384 1312; x_wconf 76' lang='grc' dir='ltr'>γυνή,</span> <span class='ocrx_word' id='word_1_57' title='bbox 407 1219 461 1290; x_wconf 83' lang='grc' dir='ltr'>καί</span> <span class='ocrx_word' id='word_1_58' title='bbox 490 1223 568 1322; x_wconf 87' lang='grc' dir='ltr'>παρ’</span> <span class='ocrx_word' id='word_1_59' title='bbox 596 1225 697 1295; x_wconf 64' lang='lat' dir='ltr'>ari-:06</span> <span class='ocrx_word' id='word_1_60' title='bbox 711 1221 825 1307; x_wconf 75' lang='grc' dir='ltr'>Ἀδὰμ</span> <span class='ocrx_word' id='word_1_61' title='bbox 849 1231 908 1306; x_wconf 78' lang='grc' dir='ltr'>τῆς</span> <span class='ocrx_word' id='word_1_62' title='bbox 933 1225 1068 1306; x_wconf 75' lang='grc' dir='ltr'>ἐντολῆς</span> <span class='ocrx_word' id='word_1_63' title='bbox 1090 1225 1271 1307; x_wconf 83' lang='grc' dir='ltr'>άκοιίσασα,</span> 
     </span>
     <span class='ocr_line' id='line_1_9' title="bbox 121 1330 1273 1434; baseline 0.002 -30"><span class='ocrx_word' id='word_1_64' title='bbox 121 1336 416 1434; x_wconf 74' lang='grc' dir='ltr'>εὐκαταφρονήτως</span> <span class='ocrx_word' id='word_1_65' title='bbox 443 1330 591 1419; x_wconf 76' lang='grc' dir='ltr'>διέκειτο,</span> <span class='ocrx_word' id='word_1_66' title='bbox 627 1333 644 1419; x_wconf 78' lang='lat' dir='ltr'>ri</span> <span class='ocrx_word' id='word_1_67' title='bbox 672 1340 711 1413; x_wconf 73' lang='lat' dir='ltr'>nit</span> <span class='ocrx_word' id='word_1_68' title='bbox 739 1337 783 1419; x_wconf 72' lang='grc' dir='ltr'>μθ</span> <span class='ocrx_word' id='word_1_69' title='bbox 809 1334 988 1430; x_wconf 79' lang='grc' dir='ltr'>άξιωθεῖσα</span> <span class='ocrx_word' id='word_1_70' title='bbox 1017 1336 1078 1408; x_wconf 82' lang='grc' dir='ltr'>τὸν</span> <span class='ocrx_word' id='word_1_71' title='bbox 1108 1335 1193 1407; x_wconf 80' lang='grc' dir='ltr'>θεὸν</span> <span class='ocrx_word' id='word_1_72' title='bbox 1218 1337 1273 1408; x_wconf 83' lang='grc' dir='ltr'>καί</span> 
     </span>
     <span class='ocr_line' id='line_1_10' title="bbox 120 1443 1273 1551; baseline 0 -33"><span class='ocrx_word' id='word_1_73' title='bbox 120 1449 226 1541; x_wconf 74' lang='grc' dir='ltr'>ταύτῃ</span> <span class='ocrx_word' id='word_1_74' title='bbox 243 1454 400 1529; x_wconf 79' lang='grc' dir='ltr'>λαλῆσαι,</span> <span class='ocrx_word' id='word_1_75' title='bbox 419 1443 443 1526; x_wconf 75' lang='lat' dir='ltr'>ri</span> <span class='ocrx_word' id='word_1_76' title='bbox 457 1447 510 1517; x_wconf 83' lang='grc' dir='ltr'>καί</span> <span class='ocrx_word' id='word_1_77' title='bbox 530 1452 570 1526; x_wconf 75' lang='lat' dir='ltr'>uic</span> <span class='ocrx_word' id='word_1_78' title='bbox 588 1446 806 1550; x_wconf 77' lang='grc' dir='ltr'>διστάζονσα,</span> <span class='ocrx_word' id='word_1_79' title='bbox 825 1449 903 1525; x_wconf 84' lang='grc' dir='ltr'>ίσως</span> <span class='ocrx_word' id='word_1_80' title='bbox 917 1451 970 1520; x_wconf 80' lang='grc' dir='ltr'>καί</span> <span class='ocrx_word' id='word_1_81' title='bbox 985 1449 1166 1551; x_wconf 76' lang='grc' dir='ltr'>νομίζουσα</span> <span class='ocrx_word' id='word_1_82' title='bbox 1185 1449 1273 1519; x_wconf 76' lang='lat' dir='ltr'>oino-</span> 
     </span>
    </p>
   </div>
   <div class='ocr_carea' id='block_1_3' title="bbox 122 1551 1273 1666">
    <p class='ocr_par' dir='ltr' id='par_1_3' title="bbox 122 1551 1273 1666">
     <span class='ocr_line' id='line_1_11' title="bbox 122 1551 1273 1666; baseline 0.001 -37"><span class='ocrx_word' id='word_1_83' title='bbox 122 1563 177 1629; x_wconf 90' lang='grc' dir='ltr'>θεν</span> <span class='ocrx_word' id='word_1_84' title='bbox 188 1559 250 1632; x_wconf 82' lang='grc' dir='ltr'>τὸν</span> <span class='ocrx_word' id='word_1_85' title='bbox 263 1556 304 1666; x_wconf 84' lang='lat' dir='ltr'>[l.</span> <span class='ocrx_word' id='word_1_86' title='bbox 316 1551 397 1661; x_wconf 79' lang='grc' dir='ltr'>τοῦ]</span> <span class='ocrx_word' id='word_1_87' title='bbox 416 1555 530 1645; x_wconf 76' lang='grc' dir='ltr'>Ἀδὰμ</span> <span class='ocrx_word' id='word_1_88' title='bbox 548 1562 608 1644; x_wconf 76' lang='grc' dir='ltr'>τήν</span> <span class='ocrx_word' id='word_1_89' title='bbox 620 1562 757 1644; x_wconf 78' lang='grc' dir='ltr'>ἐντολήν</span> <span class='ocrx_word' id='word_1_90' title='bbox 773 1563 854 1655; x_wconf 60' lang='lat' dir='ltr'>ainsi</span> <span class='ocrx_word' id='word_1_91' title='bbox 868 1559 1011 1645; x_wconf 76' lang='grc' dir='ltr'>δοθῆναι.</span> <span class='ocrx_word' id='word_1_92' title='bbox 1049 1561 1145 1660; x_wconf 85' lang='grc' dir='ltr'>Πρὸς</span> <span class='ocrx_word' id='word_1_93' title='bbox 1158 1561 1273 1643; x_wconf 77' lang='grc' dir='ltr'>ἑαυτήν</span> 
     </span>
    </p>
   </div>
   <div class='ocr_carea' id='block_1_4' title="bbox 120 1669 1276 2788">
    <p class='ocr_par' dir='ltr' id='par_1_4' title="bbox 120 1669 1276 2788">
     <span class='ocr_line' id='line_1_12' title="bbox 120 1669 1274 1779; baseline 0.003 -38"><span class='ocrx_word' id='word_1_94' title='bbox 120 1669 313 1774; x_wconf 77' lang='grc' dir='ltr'>ἰδιάζουσαν</span> <span class='ocrx_word' id='word_1_95' title='bbox 332 1679 457 1779; x_wconf 77' lang='grc' dir='ltr'>εῦρενὸ</span> <span class='ocrx_word' id='word_1_96' title='bbox 485 1676 572 1773; x_wconf 87' lang='grc' dir='ltr'>ὄφις,</span> <span class='ocrx_word' id='word_1_97' title='bbox 593 1675 645 1745; x_wconf 79' lang='grc' dir='ltr'>ἵνα</span> <span class='ocrx_word' id='word_1_98' title='bbox 666 1672 780 1767; x_wconf 70' lang='grc' dir='ltr'>δυνηθῇ</span> <span class='ocrx_word' id='word_1_99' title='bbox 799 1677 874 1745; x_wconf 91' lang='grc' dir='ltr'>κατ’</span> <span class='ocrx_word' id='word_1_100' title='bbox 895 1673 980 1746; x_wconf 79' lang='lat' dir='ltr'>idion</span> <span class='ocrx_word' id='word_1_101' title='bbox 1004 1676 1086 1768; x_wconf 74' lang='grc' dir='ltr'>αῦτῇ</span> <span class='ocrx_word' id='word_1_102' title='bbox 1106 1704 1274 1772; x_wconf 89' lang='grc' dir='ltr'>προσομι-</span> 
     </span>
     <span class='ocr_line' id='line_1_13' title="bbox 122 1785 1274 1886; baseline 0.001 -32"><span class='ocrx_word' id='word_1_103' title='bbox 122 1792 233 1867; x_wconf 78' lang='grc' dir='ltr'>λῆσαι.</span> <span class='ocrx_word' id='word_1_104' title='bbox 280 1789 487 1865; x_wconf 85' lang='grc' dir='ltr'>Ἐσθίουσαν</span> <span class='ocrx_word' id='word_1_105' title='bbox 505 1785 539 1858; x_wconf 75' lang='grc' dir='ltr'>δὲ</span> <span class='ocrx_word' id='word_1_106' title='bbox 561 1787 661 1870; x_wconf 77' lang='grc' dir='ltr'>αὐτήν</span> <span class='ocrx_word' id='word_1_107' title='bbox 685 1788 718 1858; x_wconf 83' lang='grc' dir='ltr'>ἐκ</span> <span class='ocrx_word' id='word_1_108' title='bbox 738 1792 804 1859; x_wconf 81' lang='grc' dir='ltr'>τῶν</span> <span class='ocrx_word' id='word_1_109' title='bbox 823 1786 928 1881; x_wconf 79' lang='grc' dir='ltr'>ξῦλων</span> <span class='ocrx_word' id='word_1_110' title='bbox 947 1786 1030 1872; x_wconf 78' lang='grc' dir='ltr'>ίθὼν,</span> <span class='ocrx_word' id='word_1_111' title='bbox 1050 1788 1274 1886; x_wconf 76' lang='grc' dir='ltr'>προσέβαλλε</span> 
     </span>
     <span class='ocr_line' id='line_1_14' title="bbox 121 1897 1271 1999; baseline 0.002 -33"><span class='ocrx_word' id='word_1_112' title='bbox 121 1898 182 1980; x_wconf 80' lang='grc' dir='ltr'>τήν</span> <span class='ocrx_word' id='word_1_113' title='bbox 197 1901 327 1998; x_wconf 81' lang='grc' dir='ltr'>βρῶσιν</span> <span class='ocrx_word' id='word_1_114' title='bbox 344 1911 407 1976; x_wconf 92' lang='grc' dir='ltr'>τοῦ</span> <span class='ocrx_word' id='word_1_115' title='bbox 423 1905 533 1999; x_wconf 78' lang='grc' dir='ltr'>ξύλου,</span> <span class='ocrx_word' id='word_1_116' title='bbox 552 1897 570 1983; x_wconf 91' lang='grc' dir='ltr'>ή</span> <span class='ocrx_word' id='word_1_117' title='bbox 589 1901 633 1983; x_wconf 79' lang='grc' dir='ltr'>μή</span> <span class='ocrx_word' id='word_1_118' title='bbox 653 1901 839 1971; x_wconf 91' lang='grc' dir='ltr'>ἐσθίουσαν.</span> <span class='ocrx_word' id='word_1_119' title='bbox 877 1899 946 1971; x_wconf 84' lang='grc' dir='ltr'>Καί</span> <span class='ocrx_word' id='word_1_120' title='bbox 965 1903 993 1972; x_wconf 85' lang='grc' dir='ltr'>εί</span> <span class='ocrx_word' id='word_1_121' title='bbox 1009 1901 1068 1985; x_wconf 81' lang='grc' dir='ltr'>μὲν</span> <span class='ocrx_word' id='word_1_122' title='bbox 1085 1901 1271 1983; x_wconf 89' lang='grc' dir='ltr'>ἐσθίουσαν,</span> 
     </span>
     <span class='ocr_line' id='line_1_15' title="bbox 122 2010 1273 2112; baseline 0.003 -33"><span class='ocrx_word' id='word_1_123' title='bbox 122 2010 300 2108; x_wconf 71' lang='grc' dir='ltr'>πρόδηλον,</span> <span class='ocrx_word' id='word_1_124' title='bbox 327 2018 382 2088; x_wconf 84' lang='grc' dir='ltr'>ὅτι</span> <span class='ocrx_word' id='word_1_125' title='bbox 406 2019 459 2089; x_wconf 81' lang='grc' dir='ltr'>καί</span> <span class='ocrx_word' id='word_1_126' title='bbox 486 2020 519 2087; x_wconf 82' lang='grc' dir='ltr'>ἐν</span> <span class='ocrx_word' id='word_1_127' title='bbox 546 2016 692 2112; x_wconf 77' lang='grc' dir='ltr'>φθαρτῷ</span> <span class='ocrx_word' id='word_1_128' title='bbox 715 2014 845 2095; x_wconf 82' lang='grc' dir='ltr'>σάματι</span> <span class='ocrx_word' id='word_1_129' title='bbox 876 2011 987 2084; x_wconf 81' lang='grc' dir='ltr'>οῦσαν.</span> <span class='ocrx_word' id='word_1_130' title='bbox 1031 2013 1110 2083; x_wconf 79' lang='grc' dir='ltr'>Πᾶν</span> <span class='ocrx_word' id='word_1_131' title='bbox 1135 2011 1204 2110; x_wconf 76' lang='grc' dir='ltr'>γάρ</span> <span class='ocrx_word' id='word_1_132' title='bbox 1229 2011 1273 2086; x_wconf 77' lang='grc' dir='ltr'>τὸ</span> 
     </span>
     <span class='ocr_line' id='line_1_16' title="bbox 123 2123 1273 2230; baseline 0.003 -37"><span class='ocrx_word' id='word_1_133' title='bbox 123 2127 166 2199; x_wconf 84' lang='grc' dir='ltr'>είς</span> <span class='ocrx_word' id='word_1_134' title='bbox 201 2123 245 2196; x_wconf 77' lang='grc' dir='ltr'>τὸ</span> <span class='ocrx_word' id='word_1_135' title='bbox 274 2130 389 2213; x_wconf 87' lang='grc' dir='ltr'>στόμα</span> <span class='ocrx_word' id='word_1_136' title='bbox 425 2127 665 2230; x_wconf 79' lang='grc' dir='ltr'>εἰσερχόμενον,</span> <span class='ocrx_word' id='word_1_137' title='bbox 695 2128 737 2203; x_wconf 88' lang='grc' dir='ltr'>είς</span> <span class='ocrx_word' id='word_1_138' title='bbox 771 2123 946 2224; x_wconf 79' lang='grc' dir='ltr'>ἀφεδρῶνα</span> <span class='ocrx_word' id='word_1_139' title='bbox 976 2136 1085 2224; x_wconf 88' lang='grc' dir='ltr'>χωρεῖ.</span> <span class='ocrx_word' id='word_1_140' title='bbox 1140 2125 1189 2197; x_wconf 81' lang='lat' dir='ltr'>Ei</span> <span class='ocrx_word' id='word_1_141' title='bbox 1219 2123 1273 2197; x_wconf 83' lang='grc' dir='ltr'>οῦν</span> 
     </span>
     <span class='ocr_line' id='line_1_17' title="bbox 124 2236 1271 2339; baseline 0.002 -31"><span class='ocrx_word' id='word_1_142' title='bbox 124 2239 274 2336; x_wconf 84' lang='grc' dir='ltr'>φθαρτή,</span> <span class='ocrx_word' id='word_1_143' title='bbox 311 2241 481 2339; x_wconf 75' lang='grc' dir='ltr'>πρόδηλον</span> <span class='ocrx_word' id='word_1_144' title='bbox 516 2242 571 2311; x_wconf 85' lang='grc' dir='ltr'>ὅτι</span> <span class='ocrx_word' id='word_1_145' title='bbox 605 2239 659 2310; x_wconf 82' lang='grc' dir='ltr'>καί</span> <span class='ocrx_word' id='word_1_146' title='bbox 697 2242 807 2320; x_wconf 82' lang='grc' dir='ltr'>θνητή.</span> <span class='ocrx_word' id='word_1_147' title='bbox 866 2237 915 2308; x_wconf 79' lang='lat' dir='ltr'>Ei</span> <span class='ocrx_word' id='word_1_148' title='bbox 944 2236 979 2308; x_wconf 82' lang='grc' dir='ltr'>θέ</span> <span class='ocrx_word' id='word_1_149' title='bbox 1023 2240 1131 2321; x_wconf 84' lang='grc' dir='ltr'>θνητή,</span> <span class='ocrx_word' id='word_1_150' title='bbox 1166 2239 1271 2310; x_wconf 85' lang='grc' dir='ltr'>οῦκέτι</span> 
     </span>
     <span class='ocr_line' id='line_1_18' title="bbox 122 2348 1274 2454; baseline 0.003 -36"><span class='ocrx_word' id='word_1_151' title='bbox 122 2348 263 2450; x_wconf 84' lang='grc' dir='ltr'>κατάρα,</span> <span class='ocrx_word' id='word_1_152' title='bbox 301 2352 372 2424; x_wconf 69' lang='lat' dir='ltr'>aridi</span> <span class='ocrx_word' id='word_1_153' title='bbox 410 2356 587 2454; x_wconf 80' lang='grc' dir='ltr'>ἀπόφασις</span> <span class='ocrx_word' id='word_1_154' title='bbox 621 2350 658 2434; x_wconf 77' lang='grc' dir='ltr'>ἦν</span> <span class='ocrx_word' id='word_1_155' title='bbox 697 2351 805 2432; x_wconf 84' lang='grc' dir='ltr'>ἐκείνη,</span> <span class='ocrx_word' id='word_1_156' title='bbox 838 2355 856 2433; x_wconf 88' lang='grc' dir='ltr'>ή</span> <span class='ocrx_word' id='word_1_157' title='bbox 883 2351 1065 2448; x_wconf 89' lang='grc' dir='ltr'>φάσκουσα</span> <span class='ocrx_word' id='word_1_158' title='bbox 1098 2349 1183 2449; x_wconf 78' lang='grc' dir='ltr'>πρὸς</span> <span class='ocrx_word' id='word_1_159' title='bbox 1211 2349 1274 2423; x_wconf 76' lang='grc' dir='ltr'>τὸν</span> 
     </span>
     <span class='ocr_line' id='line_1_19' title="bbox 124 2459 1273 2565; baseline 0.003 -34"><span class='ocrx_word' id='word_1_160' title='bbox 124 2460 298 2563; x_wconf 75' lang='grc' dir='ltr'>ἄνθρωπον</span> <span class='ocrx_word' id='word_1_161' title='bbox 326 2468 417 2565; x_wconf 80' lang='grc' dir='ltr'>φωνή</span> <span class='ocrx_word' id='word_1_162' title='bbox 444 2468 542 2550; x_wconf 85' lang='grc' dir='ltr'>θεοῦ,</span> <span class='ocrx_word' id='word_1_163' title='bbox 565 2459 619 2535; x_wconf 85' lang='grc' dir='ltr'>ὅτι</span> <span class='ocrx_word' id='word_1_164' title='bbox 642 2470 685 2554; x_wconf 77' lang='grc' dir='ltr'><strong><em>γῆ</em></strong></span> <span class='ocrx_word' id='word_1_165' title='bbox 709 2460 745 2546; x_wconf 81' lang='grc' dir='ltr'>εί,</span> <span class='ocrx_word' id='word_1_166' title='bbox 769 2462 822 2531; x_wconf 82' lang='grc' dir='ltr'>καί</span> <span class='ocrx_word' id='word_1_167' title='bbox 841 2464 884 2539; x_wconf 84' lang='grc' dir='ltr'>είς</span> <span class='ocrx_word' id='word_1_168' title='bbox 904 2471 966 2554; x_wconf 76' lang='grc' dir='ltr'>γῆν</span> <span class='ocrx_word' id='word_1_169' title='bbox 992 2464 1167 2557; x_wconf 75' lang='grc' dir='ltr'>άπελειίσῃ,</span> <span class='ocrx_word' id='word_1_170' title='bbox 1187 2461 1273 2534; x_wconf 81' lang='grc' dir='ltr'>καθά</span> 
     </span>
     <span class='ocr_line' id='line_1_20' title="bbox 122 2571 1275 2679; baseline 0.003 -35"><span class='ocrx_word' id='word_1_171' title='bbox 122 2576 191 2671; x_wconf 81' lang='grc' dir='ltr'>ἔχει</span> <span class='ocrx_word' id='word_1_172' title='bbox 212 2581 230 2660; x_wconf 89' lang='grc' dir='ltr'>ή</span> <span class='ocrx_word' id='word_1_173' title='bbox 254 2584 320 2651; x_wconf 82' lang='grc' dir='ltr'>τῶν</span> <span class='ocrx_word' id='word_1_174' title='bbox 339 2583 550 2679; x_wconf 75' lang='grc' dir='ltr'>πραγμάτων</span> <span class='ocrx_word' id='word_1_175' title='bbox 574 2576 722 2659; x_wconf 88' lang='grc' dir='ltr'>άλήθεια.</span> <span class='ocrx_word' id='word_1_176' title='bbox 768 2574 817 2644; x_wconf 81' lang='grc' dir='ltr'>Εἰ</span> <span class='ocrx_word' id='word_1_177' title='bbox 839 2571 873 2644; x_wconf 77' lang='grc' dir='ltr'>δέ</span> <span class='ocrx_word' id='word_1_178' title='bbox 899 2573 1003 2645; x_wconf 85' lang='grc' dir='ltr'>πάλιν</span> <span class='ocrx_word' id='word_1_179' title='bbox 1021 2576 1075 2645; x_wconf 87' lang='grc' dir='ltr'>οῦκ</span> <span class='ocrx_word' id='word_1_180' title='bbox 1097 2575 1275 2647; x_wconf 77' lang='grc' dir='ltr'>ἐσθίουσαν</span> 
     </span>
     <span class='ocr_line' id='line_1_21' title="bbox 124 2686 1276 2788; baseline 0.001 -29"><span class='ocrx_word' id='word_1_181' title='bbox 124 2691 142 2759; x_wconf 91' lang='grc' dir='ltr'>ὁ</span> <span class='ocrx_word' id='word_1_182' title='bbox 163 2691 241 2788; x_wconf 85' lang='grc' dir='ltr'>ὄφις</span> <span class='ocrx_word' id='word_1_183' title='bbox 266 2693 326 2775; x_wconf 81' lang='grc' dir='ltr'>τήν</span> <span class='ocrx_word' id='word_1_184' title='bbox 346 2703 483 2784; x_wconf 74' lang='grc' dir='ltr'>’γυναῖκα</span> <span class='ocrx_word' id='word_1_185' title='bbox 506 2686 682 2771; x_wconf 82' lang='grc' dir='ltr'>ἐθεάσατο,</span> <span class='ocrx_word' id='word_1_186' title='bbox 710 2691 777 2764; x_wconf 82' lang='grc' dir='ltr'>πῶς</span> <span class='ocrx_word' id='word_1_187' title='bbox 801 2689 844 2763; x_wconf 82' lang='grc' dir='ltr'>εἷς</span> <span class='ocrx_word' id='word_1_188' title='bbox 866 2689 995 2785; x_wconf 81' lang='grc' dir='ltr'>βρῶσιν</span> <span class='ocrx_word' id='word_1_189' title='bbox 1018 2692 1193 2779; x_wconf 73' lang='grc' dir='ltr'>μετήγαγε</span> <span class='ocrx_word' id='word_1_190' title='bbox 1216 2689 1276 2771; x_wconf 79' lang='grc' dir='ltr'>τήν</span> 
     </span>
    </p>
   </div>
   <div class='ocr_carea' id='block_1_5' title="bbox 117 2921 1429 4656">
    <p class='ocr_par' dir='ltr' id='par_1_5' title="bbox 117 2921 1429 4656">
     <span class='ocr_line' id='line_1_22' title="bbox 122 2921 1276 3006; baseline -0.002 -19"><span class='ocrx_word' id='word_1_191' title='bbox 122 2923 223 2989; x_wconf 80' lang='lat' dir='ltr'>fructu</span> <span class='ocrx_word' id='word_1_192' title='bbox 241 2925 394 2991; x_wconf 88' lang='lat' dir='ltr'>comedit:</span> <span class='ocrx_word' id='word_1_193' title='bbox 427 2925 533 2990; x_wconf 84' lang='lat' dir='ltr'>Adam</span> <span class='ocrx_word' id='word_1_194' title='bbox 552 2944 624 2989; x_wconf 84' lang='lat' dir='ltr'>vero</span> <span class='ocrx_word' id='word_1_195' title='bbox 642 2921 726 2987; x_wconf 83' lang='lat' dir='ltr'>nullo</span> <span class='ocrx_word' id='word_1_196' title='bbox 745 2942 871 3006; x_wconf 86' lang='lat' dir='ltr'>prorsus</span> <span class='ocrx_word' id='word_1_197' title='bbox 893 2921 971 2986; x_wconf 92' lang='lat' dir='ltr'>inito</span> <span class='ocrx_word' id='word_1_198' title='bbox 992 2921 1172 2998; x_wconf 81' lang='lat' dir='ltr'>certamine,</span> <span class='ocrx_word' id='word_1_199' title='bbox 1192 2921 1276 2985; x_wconf 91' lang='lat' dir='ltr'>haud</span> 
     </span>
     <span class='ocr_line' id='line_1_23' title="bbox 123 3023 1276 3115; baseline -0.001 -26"><span class='ocrx_word' id='word_1_200' title='bbox 123 3039 330 3115; x_wconf 80' lang='lat' dir='ltr'>repugnanter</span> <span class='ocrx_word' id='word_1_201' title='bbox 347 3038 522 3114; x_wconf 87' lang='lat' dir='ltr'>porrectum</span> <span class='ocrx_word' id='word_1_202' title='bbox 539 3049 560 3092; x_wconf 89' lang='lat' dir='ltr'>a</span> <span class='ocrx_word' id='word_1_203' title='bbox 578 3025 707 3090; x_wconf 80' lang='lat' dir='ltr'>muliere</span> <span class='ocrx_word' id='word_1_204' title='bbox 726 3025 861 3089; x_wconf 81' lang='lat' dir='ltr'>fructum</span> <span class='ocrx_word' id='word_1_205' title='bbox 880 3023 1021 3109; x_wconf 86' lang='lat' dir='ltr'>aceepit;</span> <span class='ocrx_word' id='word_1_206' title='bbox 1045 3023 1128 3109; x_wconf 90' lang='lat' dir='ltr'>quod</span> <span class='ocrx_word' id='word_1_207' title='bbox 1145 3046 1276 3089; x_wconf 86' lang='lat' dir='ltr'>summae</span> 
     </span>
     <span class='ocr_line' id='line_1_24' title="bbox 123 3127 1277 3215; baseline 0 -23"><span class='ocrx_word' id='word_1_208' title='bbox 123 3128 343 3196; x_wconf 81' lang='lat' dir='ltr'>imbecillitatis</span> <span class='ocrx_word' id='word_1_209' title='bbox 357 3140 390 3197; x_wconf 92' lang='lat' dir='ltr'>et</span> <span class='ocrx_word' id='word_1_210' title='bbox 404 3130 500 3196; x_wconf 91' lang='lat' dir='ltr'>animi</span> <span class='ocrx_word' id='word_1_211' title='bbox 520 3129 651 3195; x_wconf 88' lang='lat' dir='ltr'>imbellis</span> <span class='ocrx_word' id='word_1_212' title='bbox 665 3135 884 3215; x_wconf 83' lang='lat' dir='ltr'>argumentum</span> <span class='ocrx_word' id='word_1_213' title='bbox 903 3134 962 3193; x_wconf 86' lang='lat' dir='ltr'>est.</span> <span class='ocrx_word' id='word_1_214' title='bbox 1009 3127 1053 3191; x_wconf 88' lang='lat' dir='ltr'>Et</span> <span class='ocrx_word' id='word_1_215' title='bbox 1067 3136 1152 3192; x_wconf 89' lang='lat' dir='ltr'>certe</span> <span class='ocrx_word' id='word_1_216' title='bbox 1167 3127 1277 3193; x_wconf 88' lang='lat' dir='ltr'>mulier</span> 
     </span>
     <span class='ocr_line' id='line_1_25' title="bbox 122 3229 1279 3318; baseline 0 -23"><span class='ocrx_word' id='word_1_217' title='bbox 122 3252 143 3295; x_wconf 90' lang='lat' dir='ltr'>a</span> <span class='ocrx_word' id='word_1_218' title='bbox 157 3231 298 3297; x_wconf 86' lang='lat' dir='ltr'>daemone</span> <span class='ocrx_word' id='word_1_219' title='bbox 312 3244 477 3318; x_wconf 91' lang='lat' dir='ltr'>prostrata,</span> <span class='ocrx_word' id='word_1_220' title='bbox 493 3232 583 3297; x_wconf 90' lang='lat' dir='ltr'>venia</span> <span class='ocrx_word' id='word_1_221' title='bbox 597 3231 691 3318; x_wconf 83' lang='lat' dir='ltr'>digna</span> <span class='ocrx_word' id='word_1_222' title='bbox 706 3230 782 3304; x_wconf 78' lang='lat' dir='ltr'>suit3</span> <span class='ocrx_word' id='word_1_223' title='bbox 800 3229 883 3293; x_wconf 88' lang='lat' dir='ltr'>nulla</span> <span class='ocrx_word' id='word_1_224' title='bbox 897 3252 969 3294; x_wconf 90' lang='lat' dir='ltr'>vero</span> <span class='ocrx_word' id='word_1_225' title='bbox 983 3230 1095 3318; x_wconf 83' lang='lat' dir='ltr'>diguus</span> <span class='ocrx_word' id='word_1_226' title='bbox 1109 3231 1224 3310; x_wconf 85' lang='lat' dir='ltr'>Adam,</span> <span class='ocrx_word' id='word_1_227' title='bbox 1242 3239 1279 3295; x_wconf 90' lang='lat' dir='ltr'>ut</span> 
     </span>
     <span class='ocr_line' id='line_1_26' title="bbox 123 3331 1278 3420; baseline 0.003 -24"><span class='ocrx_word' id='word_1_228' title='bbox 123 3332 177 3416; x_wconf 91' lang='lat' dir='ltr'>qui</span> <span class='ocrx_word' id='word_1_229' title='bbox 190 3355 211 3397; x_wconf 90' lang='lat' dir='ltr'>a</span> <span class='ocrx_word' id='word_1_230' title='bbox 230 3333 356 3397; x_wconf 87' lang='lat' dir='ltr'>muliere</span> <span class='ocrx_word' id='word_1_231' title='bbox 375 3344 538 3420; x_wconf 84' lang='lat' dir='ltr'>superatus</span> <span class='ocrx_word' id='word_1_232' title='bbox 552 3333 604 3397; x_wconf 90' lang='lat' dir='ltr'>sit.</span> <span class='ocrx_word' id='word_1_233' title='bbox 645 3332 783 3417; x_wconf 85' lang='lat' dir='ltr'>lpsemst</span> <span class='ocrx_word' id='word_1_234' title='bbox 802 3331 885 3396; x_wconf 90' lang='lat' dir='ltr'>enim</span> <span class='ocrx_word' id='word_1_235' title='bbox 900 3342 1089 3419; x_wconf 71' lang='lat' dir='ltr'>pracceptum</span> <span class='ocrx_word' id='word_1_236' title='bbox 1106 3355 1127 3398; x_wconf 90' lang='lat' dir='ltr'>a</span> <span class='ocrx_word' id='word_1_237' title='bbox 1143 3334 1212 3399; x_wconf 93' lang='lat' dir='ltr'>Deo</span> <span class='ocrx_word' id='word_1_238' title='bbox 1226 3355 1278 3398; x_wconf 90' lang='lat' dir='ltr'>ac·</span> 
     </span>
     <span class='ocr_line' id='line_1_27' title="bbox 124 3433 1276 3519; baseline 0.002 -21"><span class='ocrx_word' id='word_1_239' title='bbox 124 3444 266 3519; x_wconf 85' lang='lat' dir='ltr'>ceperat:</span> <span class='ocrx_word' id='word_1_240' title='bbox 291 3435 401 3500; x_wconf 91' lang='lat' dir='ltr'>mulier</span> <span class='ocrx_word' id='word_1_241' title='bbox 419 3445 525 3500; x_wconf 90' lang='lat' dir='ltr'>autern</span> <span class='ocrx_word' id='word_1_242' title='bbox 541 3434 723 3499; x_wconf 86' lang='lat' dir='ltr'>mandatum</span> <span class='ocrx_word' id='word_1_243' title='bbox 743 3433 873 3499; x_wconf 85' lang='lat' dir='ltr'>audiens</span> <span class='ocrx_word' id='word_1_244' title='bbox 887 3436 928 3499; x_wconf 85' lang='lat' dir='ltr'>ab</span> <span class='ocrx_word' id='word_1_245' title='bbox 944 3435 1080 3514; x_wconf 85' lang='lat' dir='ltr'>Adamo,</span> <span class='ocrx_word' id='word_1_246' title='bbox 1099 3437 1276 3514; x_wconf 81' lang='lat' dir='ltr'>contemsit,</span> 
     </span>
     <span class='ocr_line' id='line_1_28' title="bbox 124 3526 1277 3626; baseline 0.001 -26"><span class='ocrx_word' id='word_1_247' title='bbox 124 3537 171 3600; x_wconf 86' lang='lat' dir='ltr'>vel</span> <span class='ocrx_word' id='word_1_248' title='bbox 186 3536 269 3623; x_wconf 91' lang='lat' dir='ltr'>quod</span> <span class='ocrx_word' id='word_1_249' title='bbox 285 3536 446 3624; x_wconf 80' lang='lat' dir='ltr'>indignum</span> <span class='ocrx_word' id='word_1_250' title='bbox 466 3536 639 3614; x_wconf 80' lang='lat' dir='ltr'>habuisset,</span> <span class='ocrx_word' id='word_1_251' title='bbox 656 3526 740 3623; x_wconf 76' lang='lat' dir='ltr'>qdod</span> <span class='ocrx_word' id='word_1_252' title='bbox 765 3536 797 3601; x_wconf 92' lang='lat' dir='ltr'>in</span> <span class='ocrx_word' id='word_1_253' title='bbox 815 3536 882 3624; x_wconf 90' lang='lat' dir='ltr'>ipso</span> <span class='ocrx_word' id='word_1_254' title='bbox 899 3536 1077 3626; x_wconf 89' lang='lat' dir='ltr'>loqueretur</span> <span class='ocrx_word' id='word_1_255' title='bbox 1096 3539 1203 3613; x_wconf 62' lang='lat' dir='ltr'>Deum</span> <span class='ocrx_word' id='word_1_256' title='bbox 1228 3537 1277 3603; x_wconf 86' lang='lat' dir='ltr'>vel</span> 
     </span>
     <span class='ocr_line' id='line_1_29' title="bbox 124 3640 1276 3728; baseline 0.003 -25"><span class='ocrx_word' id='word_1_257' title='bbox 124 3641 207 3726; x_wconf 91' lang='lat' dir='ltr'>quod</span> <span class='ocrx_word' id='word_1_258' title='bbox 224 3640 390 3719; x_wconf 86' lang='lat' dir='ltr'>dubitaret,</span> <span class='ocrx_word' id='word_1_259' title='bbox 406 3641 501 3705; x_wconf 92' lang='lat' dir='ltr'>immo</span> <span class='ocrx_word' id='word_1_260' title='bbox 516 3641 598 3706; x_wconf 84' lang='lat' dir='ltr'>forte</span> <span class='ocrx_word' id='word_1_261' title='bbox 613 3640 809 3706; x_wconf 86' lang='lat' dir='ltr'>existimaret</span> <span class='ocrx_word' id='word_1_262' title='bbox 824 3642 948 3727; x_wconf 90' lang='lat' dir='ltr'>proprio</span> <span class='ocrx_word' id='word_1_263' title='bbox 963 3642 1081 3706; x_wconf 86' lang='lat' dir='ltr'>Adami</span> <span class='ocrx_word' id='word_1_264' title='bbox 1096 3655 1183 3706; x_wconf 89' lang='lat' dir='ltr'>motu</span> <span class='ocrx_word' id='word_1_265' title='bbox 1198 3665 1276 3728; x_wconf 87' lang='lat' dir='ltr'>prae·</span> 
     </span>
     <span class='ocr_line' id='line_1_30' title="bbox 123 3743 1276 3831; baseline 0 -21"><span class='ocrx_word' id='word_1_266' title='bbox 123 3754 247 3831; x_wconf 89' lang='lat' dir='ltr'>ceptum</span> <span class='ocrx_word' id='word_1_267' title='bbox 274 3745 334 3810; x_wconf 85' lang='lat' dir='ltr'>sibi</span> <span class='ocrx_word' id='word_1_268' title='bbox 361 3743 489 3831; x_wconf 90' lang='lat' dir='ltr'>imponi.</span> <span class='ocrx_word' id='word_1_269' title='bbox 542 3744 707 3830; x_wconf 79' lang='lat' dir='ltr'>Quumque</span> <span class='ocrx_word' id='word_1_270' title='bbox 729 3744 797 3810; x_wconf 85' lang='lat' dir='ltr'>sola</span> <span class='ocrx_word' id='word_1_271' title='bbox 818 3766 957 3810; x_wconf 85' lang='lat' dir='ltr'>seorsum</span> <span class='ocrx_word' id='word_1_272' title='bbox 972 3753 1090 3830; x_wconf 86' lang='lat' dir='ltr'>ageret,</span> <span class='ocrx_word' id='word_1_273' title='bbox 1109 3745 1191 3812; x_wconf 87' lang='lat' dir='ltr'>baua</span> <span class='ocrx_word' id='word_1_274' title='bbox 1211 3768 1276 3810; x_wconf 89' lang='lat' dir='ltr'>ser·</span> 
     </span>
     <span class='ocr_line' id='line_1_31' title="bbox 122 3846 1276 3933; baseline 0.003 -23"><span class='ocrx_word' id='word_1_275' title='bbox 122 3869 200 3933; x_wconf 92' lang='lat' dir='ltr'>pens</span> <span class='ocrx_word' id='word_1_276' title='bbox 215 3847 341 3924; x_wconf 88' lang='lat' dir='ltr'>invenit,</span> <span class='ocrx_word' id='word_1_277' title='bbox 358 3848 403 3911; x_wconf 93' lang='lat' dir='ltr'>ita</span> <span class='ocrx_word' id='word_1_278' title='bbox 416 3855 452 3911; x_wconf 91' lang='lat' dir='ltr'>ut</span> <span class='ocrx_word' id='word_1_279' title='bbox 466 3857 571 3933; x_wconf 87' lang='lat' dir='ltr'>posset</span> <span class='ocrx_word' id='word_1_280' title='bbox 586 3846 729 3932; x_wconf 86' lang='lat' dir='ltr'>privatim</span> <span class='ocrx_word' id='word_1_281' title='bbox 745 3868 817 3912; x_wconf 87' lang='lat' dir='ltr'>aum</span> <span class='ocrx_word' id='word_1_282' title='bbox 831 3868 869 3911; x_wconf 90' lang='lat' dir='ltr'>ea</span> <span class='ocrx_word' id='word_1_283' title='bbox 883 3846 1083 3911; x_wconf 87' lang='lat' dir='ltr'>confabulari.</span> <span class='ocrx_word' id='word_1_284' title='bbox 1115 3847 1214 3912; x_wconf 89' lang='lat' dir='ltr'>Porro</span> <span class='ocrx_word' id='word_1_285' title='bbox 1228 3848 1276 3913; x_wconf 86' lang='lat' dir='ltr'>vel</span> 
     </span>
     <span class='ocr_line' id='line_1_32' title="bbox 122 3948 1276 4038; baseline 0.003 -23"><span class='ocrx_word' id='word_1_286' title='bbox 122 3973 140 4015; x_wconf 92' lang='lat' dir='ltr'>e</span> <span class='ocrx_word' id='word_1_287' title='bbox 155 3950 309 4038; x_wconf 87' lang='lat' dir='ltr'>lignorum</span> <span class='ocrx_word' id='word_1_288' title='bbox 323 3950 474 4015; x_wconf 82' lang='lat' dir='ltr'>fructibus</span> <span class='ocrx_word' id='word_1_289' title='bbox 489 3950 703 4015; x_wconf 86' lang='lat' dir='ltr'>comedentem</span> <span class='ocrx_word' id='word_1_290' title='bbox 717 3949 834 4026; x_wconf 85' lang='lat' dir='ltr'>videns,</span> <span class='ocrx_word' id='word_1_291' title='bbox 850 3948 925 4035; x_wconf 81' lang='lat' dir='ltr'>ligni</span> <span class='ocrx_word' id='word_1_292' title='bbox 943 3950 1057 4033; x_wconf 82' lang='lat' dir='ltr'>(uetiti)</span> <span class='ocrx_word' id='word_1_293' title='bbox 1074 3951 1207 4016; x_wconf 81' lang='lat' dir='ltr'>fructum</span> <span class='ocrx_word' id='word_1_294' title='bbox 1222 3954 1276 4018; x_wconf 91' lang='lat' dir='ltr'>ob·</span> 
     </span>
     <span class='ocr_line' id='line_1_33' title="bbox 117 4051 1276 4140; baseline 0.002 -20"><span class='ocrx_word' id='word_1_295' title='bbox 117 4055 205 4140; x_wconf 84' lang='lat' dir='ltr'>jecit,</span> <span class='ocrx_word' id='word_1_296' title='bbox 221 4055 268 4119; x_wconf 91' lang='lat' dir='ltr'>vel</span> <span class='ocrx_word' id='word_1_297' title='bbox 284 4076 347 4119; x_wconf 90' lang='lat' dir='ltr'>nnn</span> <span class='ocrx_word' id='word_1_298' title='bbox 361 4055 586 4119; x_wconf 87' lang='lat' dir='ltr'>comedentem.</span> <span class='ocrx_word' id='word_1_299' title='bbox 633 4053 677 4117; x_wconf 83' lang='lat' dir='ltr'>Et</span> <span class='ocrx_word' id='word_1_300' title='bbox 695 4053 722 4116; x_wconf 92' lang='lat' dir='ltr'>si</span> <span class='ocrx_word' id='word_1_301' title='bbox 738 4051 862 4137; x_wconf 90' lang='lat' dir='ltr'>quidem</span> <span class='ocrx_word' id='word_1_302' title='bbox 878 4052 1105 4131; x_wconf 90' lang='lat' dir='ltr'>comedentem,</span> <span class='ocrx_word' id='word_1_303' title='bbox 1121 4054 1206 4120; x_wconf 93' lang='lat' dir='ltr'>haud</span> <span class='ocrx_word' id='word_1_304' title='bbox 1220 4057 1276 4122; x_wconf 91' lang='lat' dir='ltr'>du·</span> 
     </span>
     <span class='ocr_line' id='line_1_34' title="bbox 121 4153 1429 4245; baseline 0.001 -23"><span class='ocrx_word' id='word_1_305' title='bbox 121 4158 206 4222; x_wconf 87' lang='lat' dir='ltr'>bium</span> <span class='ocrx_word' id='word_1_306' title='bbox 229 4158 304 4245; x_wconf 92' lang='lat' dir='ltr'>quin</span> <span class='ocrx_word' id='word_1_307' title='bbox 324 4157 420 4222; x_wconf 88' lang='lat' dir='ltr'>etiam</span> <span class='ocrx_word' id='word_1_308' title='bbox 438 4155 626 4243; x_wconf 88' lang='lat' dir='ltr'>corruptioni</span> <span class='ocrx_word' id='word_1_309' title='bbox 650 4154 775 4220; x_wconf 86' lang='lat' dir='ltr'>obnoxii</span> <span class='ocrx_word' id='word_1_310' title='bbox 796 4153 933 4239; x_wconf 89' lang='lat' dir='ltr'>corporis</span> <span class='ocrx_word' id='word_1_311' title='bbox 956 4156 1157 4243; x_wconf 85' lang='lat' dir='ltr'>participem:</span> <span class='ocrx_word' id='word_1_312' title='bbox 1183 4159 1429 4229; x_wconf 69' lang='lat' dir='ltr'>Omneuntxmr.</span> 
     </span>
     <span class='ocr_line' id='line_1_35' title="bbox 122 4255 1275 4348; baseline 0.002 -22"><span class='ocrx_word' id='word_1_313' title='bbox 122 4264 203 4326; x_wconf 82' lang='lat' dir='ltr'>enim</span> <span class='ocrx_word' id='word_1_314' title='bbox 218 4261 345 4348; x_wconf 79' lang='lat' dir='ltr'>quadiu</span> <span class='ocrx_word' id='word_1_315' title='bbox 360 4283 391 4325; x_wconf 82' lang='grc' dir='ltr'>οι</span> <span class='ocrx_word' id='word_1_316' title='bbox 405 4261 591 4347; x_wconf 75' lang='lat' dir='ltr'>inpreditur,</span> <span class='ocrx_word' id='word_1_317' title='bbox 608 4259 642 4323; x_wconf 83' lang='lat' dir='ltr'>in</span> <span class='ocrx_word' id='word_1_318' title='bbox 655 4279 798 4322; x_wconf 71' lang='lat' dir='ltr'>ammaum</span> <span class='ocrx_word' id='word_1_319' title='bbox 817 4255 892 4321; x_wconf 80' lang='lat' dir='ltr'>abit.</span> <span class='ocrx_word' id='word_1_320' title='bbox 939 4257 973 4321; x_wconf 90' lang='lat' dir='ltr'>Si</span> <span class='ocrx_word' id='word_1_321' title='bbox 993 4280 1067 4346; x_wconf 84' lang='lat' dir='ltr'>ergo</span> <span class='ocrx_word' id='word_1_322' title='bbox 1088 4262 1275 4348; x_wconf 86' lang='lat' dir='ltr'>corruptioni</span> 
     </span>
     <span class='ocr_line' id='line_1_36' title="bbox 122 4360 1275 4453; baseline 0.003 -24"><span class='ocrx_word' id='word_1_323' title='bbox 122 4365 267 4442; x_wconf 87' lang='lat' dir='ltr'>obnoxia,</span> <span class='ocrx_word' id='word_1_324' title='bbox 287 4364 486 4429; x_wconf 73' lang='lat' dir='ltr'>manifestum</span> <span class='ocrx_word' id='word_1_325' title='bbox 504 4363 577 4448; x_wconf 92' lang='lat' dir='ltr'>quia</span> <span class='ocrx_word' id='word_1_326' title='bbox 594 4370 627 4427; x_wconf 90' lang='lat' dir='ltr'>et</span> <span class='ocrx_word' id='word_1_327' title='bbox 644 4361 746 4426; x_wconf 89' lang='lat' dir='ltr'>morti.</span> <span class='ocrx_word' id='word_1_328' title='bbox 793 4360 828 4425; x_wconf 89' lang='lat' dir='ltr'>Si</span> <span class='ocrx_word' id='word_1_329' title='bbox 843 4383 915 4426; x_wconf 83' lang='lat' dir='ltr'>vero</span> <span class='ocrx_word' id='word_1_330' title='bbox 934 4362 1025 4428; x_wconf 91' lang='lat' dir='ltr'>morti</span> <span class='ocrx_word' id='word_1_331' title='bbox 1046 4365 1190 4444; x_wconf 80' lang='lat' dir='ltr'>obnoxia,</span> <span class='ocrx_word' id='word_1_332' title='bbox 1207 4368 1275 4453; x_wconf 88' lang='lat' dir='ltr'>jam</span> 
     </span>
     <span class='ocr_line' id='line_1_37' title="bbox 122 4463 1272 4552; baseline 0.003 -19"><span class='ocrx_word' id='word_1_333' title='bbox 122 4491 185 4533; x_wconf 91' lang='lat' dir='ltr'>non</span> <span class='ocrx_word' id='word_1_334' title='bbox 199 4467 382 4545; x_wconf 72' lang='lat' dir='ltr'>exsecrmio,</span> <span class='ocrx_word' id='word_1_335' title='bbox 398 4490 456 4533; x_wconf 90' lang='lat' dir='ltr'>nec</span> <span class='ocrx_word' id='word_1_336' title='bbox 469 4464 626 4531; x_wconf 89' lang='lat' dir='ltr'>sententia</span> <span class='ocrx_word' id='word_1_337' title='bbox 640 4472 708 4530; x_wconf 86' lang='lat' dir='ltr'>erat</span> <span class='ocrx_word' id='word_1_338' title='bbox 722 4485 784 4528; x_wconf 87' lang='lat' dir='ltr'>vox</span> <span class='ocrx_word' id='word_1_339' title='bbox 802 4463 854 4528; x_wconf 88' lang='lat' dir='ltr'>illa</span> <span class='ocrx_word' id='word_1_340' title='bbox 873 4464 945 4544; x_wconf 91' lang='lat' dir='ltr'>Dei,</span> <span class='ocrx_word' id='word_1_341' title='bbox 966 4486 1029 4552; x_wconf 90' lang='lat' dir='ltr'>qua</span> <span class='ocrx_word' id='word_1_342' title='bbox 1041 4467 1122 4533; x_wconf 87' lang='lat' dir='ltr'>dixit</span> <span class='ocrx_word' id='word_1_343' title='bbox 1136 4469 1272 4536; x_wconf 89' lang='lat' dir='ltr'>homini:</span> 
     </span>
     <span class='ocr_line' id='line_1_38' title="bbox 126 4568 1417 4656; baseline 0.002 -19"><span class='ocrx_word' id='word_1_344' title='bbox 126 4573 226 4637; x_wconf 79' lang='lat' dir='ltr'>Terra</span> <span class='ocrx_word' id='word_1_345' title='bbox 240 4594 278 4650; x_wconf 81' lang='lat' dir='ltr'>ea,</span> <span class='ocrx_word' id='word_1_346' title='bbox 291 4581 319 4636; x_wconf 79' lang='lat' dir='ltr'>rt</span> <span class='ocrx_word' id='word_1_347' title='bbox 332 4572 366 4635; x_wconf 81' lang='lat' dir='ltr'>io</span> <span class='ocrx_word' id='word_1_348' title='bbox 381 4581 496 4636; x_wconf 76' lang='lat' dir='ltr'>terram</span> <span class='ocrx_word' id='word_1_349' title='bbox 510 4568 685 4640; x_wconf 62' lang='lat' dir='ltr'>reverterer</span> <span class='ocrx_word' id='word_1_350' title='bbox 702 4576 738 4633; x_wconf 90' lang='lat' dir='ltr'>ut</span> <span class='ocrx_word' id='word_1_351' title='bbox 751 4589 787 4634; x_wconf 85' lang='lat' dir='ltr'>se</span> <span class='ocrx_word' id='word_1_352' title='bbox 800 4569 895 4635; x_wconf 84' lang='lat' dir='ltr'>babet</span> <span class='ocrx_word' id='word_1_353' title='bbox 909 4569 1024 4636; x_wconf 87' lang='lat' dir='ltr'>veritas</span> <span class='ocrx_word' id='word_1_354' title='bbox 1034 4593 1148 4640; x_wconf 88' lang='lat' dir='ltr'>rerum.</span> <span class='ocrx_word' id='word_1_355' title='bbox 1183 4574 1275 4656; x_wconf 73' lang='lat' dir='ltr'>Quod</span> <span class='ocrx_word' id='word_1_356' title='bbox 1287 4595 1339 4638; x_wconf 70' lang='lat' dir='ltr'>ou.</span> <span class='ocrx_word' id='word_1_357' title='bbox 1349 4597 1378 4636; x_wconf 79' lang='lat' dir='ltr'>ur.</span> <span class='ocrx_word' id='word_1_358' title='bbox 1388 4599 1417 4639; x_wconf 79' lang='lat' dir='ltr'>ra</span> 
     </span>
    </p>
   </div>
   <div class='ocr_carea' id='block_1_6' title="bbox 0 0 1513 4994">
    <p class='ocr_par' dir='ltr' id='par_1_6' title="bbox 0 0 1513 4994">
     <span class='ocr_line' id='line_1_39' title="bbox 0 0 1513 4994; baseline 0 0"><span class='ocrx_word' id='word_1_359' title='bbox 0 0 1513 4994; x_wconf 95' lang='lat' dir='ltr'> </span> 
     </span>
    </p>
   </div>
  </div>
 </body>
</html>
