3000 4994
429 357 566 410 nnnuu
593 358 751 411 ouuuuu
776 358 997 413 cnanroms.
1226 345 1292 410 213

142 714 194 800 qui
209 722 258 779 est
272 715 441 780 secundum
456 739 524 782 nos.
563 717 606 780 Et
622 740 679 782 nos
694 717 788 804 igitur
803 718 938 783 cumbis
954 741 1024 805 quae
1039 741 1097 783 con
1099 719 1238 783 tinentur
1252 665 1293 783 ab
1317 682 1397 755 “¹⁸¹
1398 671 1443 756 ¹¹¹·

141 837 188 891 eo,
209 816 283 881 facti
298 839 415 882 sumus.
462 817 506 881 Et
521 818 572 883 hic
592 826 640 883 est
655 819 694 883 de
715 841 776 904 quo
798 819 959 904 Scriptura
979 821 1042 894 ait;
1066 820 1112 885 Et
1128 820 1294 906 plconooit
1306 835 1453 909 W

141 919 228 983 Deus
242 920 397 998 honrothem,
419 921 523 986 linitam
542 931 634 986 torroe
651 923 809 1008 accipiens,
826 933 854 987 et
873 924 1039 1007 insufflavit
1054 926 1088 986 in
1099 925 1216 1007 sociem
1232 923 1294 1007 ejas

131 1026 246 1106 flatum
261 1025 340 1087 vitoe.
388 1025 460 1089 Non
482 1048 556 1112 ergo
571 1026 673 1111 angeli
694 1025 834 1091 lecerunt
857 1049 925 1104 nos,
948 1028 1021 1092 ³nec
1042 1049 1100 1091 noa
1124 1027 1293 1112 plasmave-

140 1136 222 1202 runt,
245 1149 302 1192 nec
322 1128 423 1214 angeli
445 1137 611 1213 potuerunt
633 1129 801 1217 imaginem
827 1129 928 1195 lacere
949 1130 1022 1204 Dei,
1042 1152 1098 1195 nec
1121 1131 1200 1196 alius
1223 1133 1293 1218 quis

140 1238 253 1314 praeter
269 1230 410 1294 Verbum
431 1231 569 1308 Domini,
590 1254 648 1296 nec
668 1231 765 1295 virtus
785 1232 877 1320 longe
896 1234 1050 1298 absistens
1067 1256 1088 1298 a
1107 1235 1204 1298 Patre
1224 1235 1293 1298 uni-

140 1355 306 1397 versorum.
354 1333 421 1399 Nec
443 1334 527 1399 enim
546 1334 705 1421 indigebat
726 1335 837 1399 horum
858 1337 946 1400 Deus
967 1337 1007 1401 ad
1026 1337 1200 1402 laciendum
1222 1358 1291 1422 quae

141 1435 207 1522 ipse
222 1437 303 1522 apud
315 1458 350 1501 se
364 1437 374 1468 ⁴
379 1437 566 1523 praefinierat
581 1438 658 1516 fieri,
672 1438 760 1523 quasi
775 1438 841 1524 ipse
853 1461 925 1504 suas
941 1462 1003 1504 non
1014 1440 1143 1505 haberet
1154 1440 1291 1504 lmanus

141 1540 243 1605 Adest
265 1541 347 1604 enim
368 1541 396 1605 ei
417 1564 540 1627 semper
561 1541 701 1606 Verbum
720 1550 752 1606 et
776 1542 946 1626 Sapientia,
971 1542 1071 1607 Filius
1091 1551 1123 1608 et
1146 1543 1291 1629 Spiritus,

140 1665 194 1729 per
212 1666 298 1730 qnos,
317 1653 350 1709 et
372 1645 404 1708 iu
426 1645 538 1731 quibus
557 1645 662 1710 omnia
682 1645 777 1711 libere
797 1655 830 1710 et
848 1656 960 1732 sponte
981 1647 1064 1725 lecit,
1086 1647 1141 1711 ⁶ad
1161 1668 1239 1733 quos
1259 1651 1292 1710 et

139 1746 282 1834 loquitur,
299 1749 422 1813 dicens:
446 1749 617 1813 Faciamus
630 1749 776 1813 hominem
790 1750 836 1814 od
842 1751 1005 1835 inopiam
1019 1758 1048 1813 et
1060 1748 1293 1814 similitudinem
1304 1761 1417 1802 Gen-m

139 1861 287 1926 nostrone
312 1852 377 1936 ipse
391 1874 411 1915 a
425 1851 593 1936 semetipso
607 1852 814 1916 substantiam
830 1862 1050 1928 creaturarum,
1069 1860 1102 1916 et
1116 1850 1292 1936 exemplum

139 1952 300 2032 factorum,
317 1963 349 2019 et
364 1955 495 2040 liguram
512 1955 544 2017 in
558 1955 674 2019 mundo
689 1963 939 2020 ornamentorum
954 1954 1118 2041 accipiens.

227 2119 258 2166 2.
311 2098 434 2174 Καλῶς
471 2096 525 2169 οὖν
556 2097 644 2168 εἶπεν
675 2101 713 2180 7ἡ
748 2099 920 2197 γραφη
904 2132 921 2180 η
956 2100 1115 2190 λέγουσα·
1146 2097 1450 2196 Ilpdeovnuuonmr

1306 2166 1399 2212 um

60 2259 65 2270 ·
112 2258 117 2270 ·
140 2206 272 2280 πάντων
293 2210 476 2281 πίστευσον
499 2212 553 2282 ὅτι
578 2207 620 2287 εἷς
645 2211 738 2282 ἐστὶν
762 2214 780 2282 ὁ
800 2209 936 2294 Θεος,
920 2242 938 2281 ο
961 2209 1006 2282 τὰ
1031 2208 1142 2283 πάντα
1167 2211 1292 2291 κτίσας,
1305 2211 1377 2297 W
1379 2212 1413 2296 1¹²
1408 2211 1446 2251 ¹⁶

206 2421 236 2483 2.
281 2418 367 2484 Bene
383 2419 494 2506 ⁸igitur
508 2420 718 2505 pronuntiavit
733 2419 886 2505 scriptura
901 2442 970 2504 qnae
984 2418 1078 2484 dicit:
1105 2418 1212 2482 Primo
1228 2439 1292 2483 om·

140 2521 225 2585 nium
248 2523 349 2600 crede,
374 2523 520 2609 quoniam
543 2545 625 2587 unus
648 2531 696 2588 est
721 2523 818 2601 Deus,
839 2523 892 2608 qui
914 2522 1018 2588 omnia
1041 2521 1235 2598 ”coustituit
1260 2527 1293 2586 et

189 2685 199 2715 ¹
216 2685 282 2748 clegit
298 2687 319 2735 is
334 2687 458 2751 preferred
473 2688 506 2751 by
518 2686 648 2735 Moesum·
664 2691 691 2734 ιο
741 2686 784 2735 tho
795 2684 846 2733 lact
858 2685 878 2732 is
889 2684 954 2732 clear
966 2686 1023 2733 that
1038 2684 1165 2734 Innuaeus
1181 2681 1293 2730 believed

141 2767 495 2832 Garne'snaseodingfeeo,
506 2769 602 2817 soritis
614 2767 691 2816 found
741 2767 784 2814 the
795 2766 896 2826 Fathor,
911 2767 969 2826 Son,
982 2765 1032 2814 and
1048 2765 1118 2829 Holy
1129 2765 1207 2828 Spirit
1220 2769 1247 2812 to
1261 2763 1292 2811 be

140 2849 325 2900 intheOnnan.
339 2851 572 2911 andV0s8.MSS.‚
585 2849 690 2898 andhas
741 2848 878 2912 conjointly
899 2848 943 2896 the
968 2848 1071 2896 Creator
1093 2847 1122 2894 of
1142 2846 1174 2893 all
1197 2846 1290 2908 things.

140 2947 172 2979 an
184 2933 341 2996 appropriate
352 2934 455 2996 bearing
465 2948 533 2996 upon
544 2932 588 2980 the
599 2930 691 2979 Valen·
740 2929 867 2978 Porouezo
875 2937 930 2977 aunt
937 2929 1007 2978 verto
1016 2928 1141 2990 Theophili
1149 2924 1293 2975 Antiochena'

139 3013 218 3061 tinian
231 3014 317 3061 notion
329 3014 385 3062 that
395 3014 438 3062 the
446 3013 581 3075 Demiurge
593 3012 690 3060 created
740 3011 782 3060 lio.
804 3024 833 3060 11.
855 3010 889 3059 ad
910 3011 1056 3073 Autolycum
1074 3025 1134 3072 pop.
1157 3023 1209 3069 114.
1233 3007 1291 3058 edic,

139 3094 171 3142 all
193 3096 278 3158 things
300 3096 432 3158 according
454 3101 480 3143 to
503 3096 595 3143 certain
618 3100 690 3158 types
743 3092 817 3142 dm.
844 3093 899 3142 Ἔτι
915 3095 962 3152 μὴν
979 3093 1019 3140 καὶ
1033 3092 1064 3140 ὡς
1077 3092 1189 3154 plectetur
1199 3091 1293 3150 χρῄζων

138 3175 265 3224 furnished
279 3182 305 3225 ιο
320 3177 372 3224 him
387 3177 451 3224 from
464 3176 550 3235 above,
569 3176 689 3240 although
741 3173 754 3221 d
770 3173 829 3221 θεὸς
846 3172 979 3233 εὑρίσκεται
995 3172 1083 3231 λέγων·
1102 3171 1239 3228 ποιήσωμεν
1255 3171 1292 3217 ἄν

138 3257 327 3321 unconaciouely
344 3262 371 3305 ιο
387 3257 491 3306 himself.
527 3257 569 3306 He
583 3258 687 3317 created,
741 3256 834 3315 θρωσον
856 3253 911 3302 κατ’
933 3254 1011 3301 εἰκόνα
1034 3253 1074 3300 xnl
1096 3251 1149 3300 καθ’
1173 3252 1290 3309 ὁμοίωσιν

137 3339 265 3398 therefore,
275 3341 323 3387 but
329 3340 461 3403 according
471 3345 498 3387 to
509 3357 525 3388 a
535 3339 690 3404 predestined
740 3337 783 3382 οὐκ
794 3336 862 3395 ἄλλῳ
877 3335 903 3382 δέ
917 3352 962 3382 τινι
979 3337 1064 3396 thone
1080 3335 1222 3392 ποιήσωμεν,
1237 3332 1292 3383 ἀλλ’

138 3421 196 3483 plan
208 3422 319 3484 impoaed
331 3438 397 3485 upon
409 3422 469 3472 him.
740 3416 758 3477 ἦ
773 3419 808 3477 τῷ
822 3418 908 3467 ἑαυτοῦ
923 3418 991 3477 λόγῳ
1008 3418 1048 3464 nol
1063 3417 1096 3477 τῇ
1110 3415 1291 3476 ἑοισοῢσοφιᾳ.

187 3499 198 3532 ²
213 3509 234 3550 et
245 3518 295 3563 noa,
309 3503 371 3563 Aa,
382 3504 487 3552 omitted
497 3504 524 3551 in
533 3503 586 3562 On,
597 3502 688 3562 Voss,
743 3498 767 3548 U
768 3498 793 3546 hi
802 3499 906 3561 perinde
919 3505 945 3546 nt
960 3498 1077 3556 Irenoeur,
1092 3497 1194 3556 Filium,
1204 3496 1290 3556 Verbi,

139 3582 235 3643 Mass,
263 3585 309 3633 bnt
331 3586 374 3633 the
399 3586 484 3650 seqnel
510 3585 619 3649 requires
647 3584 689 3632 the
739 3580 860 3642 Spiritum
872 3581 907 3641 S,
921 3581 1055 3646 Sapientiae
1066 3581 1162 3629 nornine
1173 3579 1288 3641 ἅοείφοοι,

138 3660 225 3710 words.
738 3663 800 3711 elcut
814 3671 835 3712 et
844 3664 922 3726 paolo
936 3671 998 3723 ome,
1008 3678 1068 3725 pay.
1085 3661 1137 3720 106,
1151 3661 1291 3709 necionem

186 3741 197 3772 ³
214 3742 268 3802 Ch,
283 3743 364 3793 Voss.
377 3760 450 3807 neque
457 3744 494 3806 pl.
507 3759 556 3804 noa,
571 3758 651 3806 neque·
734 3743 801 3805 facit
812 3745 912 3805 τριάδος,
924 3746 967 3791 τοῦ
978 3745 1046 3801 Θεοῦ,
1061 3744 1101 3792 καὶ
1112 3745 1155 3790 τοῦ
1166 3743 1241 3802 λόγου
1252 3743 1291 3789 οὐ·

187 3822 370 3885 ⁴prnfinierot,
381 3829 431 3873 An.
442 3841 527 3888 agrees
536 3826 618 3874 better
628 3824 689 3873 with
739 3828 789 3886 τοῦ,
805 3828 845 3874 καὶ
860 3828 902 3886 τῆς
917 3827 1004 3887 σοφίας
1023 3827 1104 3874 αὑτοῦ.
1136 3823 1291 3886 Confernero

139 3908 269 3969 προώρισεν
280 3908 340 3956 than
350 3907 536 3969 prodeflnierct,
550 3925 577 3957 aa
590 3907 689 3973 printed
739 3906 821 3969 iprum
833 3907 954 3956 Imaum
965 3920 982 3956 1.
1000 3921 1028 3971 19
1046 3905 1074 3969 [1.
1087 3924 1111 3970 p.
1125 3904 1189 3969 ¹⁸9}
1203 3905 1252 3954 Ga.

137 3987 171 4051 by
182 3988 320 4048 Mhssunr,
333 3988 396 4036 from
408 3989 451 4038 the
463 3989 562 4037 Cannu.
575 3989 633 4038 MS.
788 3987 799 4020 ⁷
816 3989 934 4050 ἡγραφή,
947 3988 1004 4036 herc
1014 4003 1100 4036 means
1111 3988 1154 4035 tho
1166 3987 1256 4036 Pastor
1265 3986 1295 4034 ol

186 4069 307 4119 lmonua.
343 4071 395 4119 llio
409 4070 519 4120 acolio.
533 4083 558 4120 V.
572 4071 689 4134 capiet
739 4069 855 4129 Hermae,
868 4068 932 4116 from
944 4069 1024 4119 which
1035 4069 1160 4132 primitive
1172 4069 1292 4117 workthe

136 4152 222 4200 xxviii.
240 4151 336 4200 Filium
347 4160 367 4200 ct
382 4152 502 4214 Spiritum
514 4152 630 4200 &netum
641 4150 689 4200 De·
739 4136 955 4199 citationismadc.
985 4149 1018 4199 So
1027 4151 1069 4199 tho
1077 4150 1123 4215 Ep
1132 4152 1161 4200 os
1166 4151 1292 4200 Cunnum

136 4247 225 4282 monus
241 4232 301 4281 dicit
307 4253 318 4288 ,·
334 4233 400 4296 quic,
413 4240 440 4280 ut
453 4249 506 4280 mox
522 4233 631 4295 amplicat,
645 4249 690 4296 per
740 4233 760 4281 is
772 4232 850 4280 called
861 4231 998 4294 Scriptura,
1012 4249 1037 4296 p.
1055 4247 1091 4291 11,
1106 4249 1132 4282 n.
1147 4247 1170 4294 3.

136 4330 185 4374 eos,
196 4321 221 4362 et
233 4315 257 4362 in
269 4316 307 4373 iic,
317 4316 400 4363 omnia
408 4316 514 4363 libereet
525 4320 613 4379 sponte
621 4315 687 4363 lecit.
788 4313 1072 4375 ⁸i9itnrpronumtbvit.
1101 4314 1292 4364 'I’hefiretword

137 4395 275 4445 Massunr.
739 4412 766 4444 aa
784 4395 810 4443 in
829 4395 939 4452 Cannu,
959 4395 1011 4444 Aa.
1032 4394 1082 4443 and
1100 4395 1191 4455 Voss,
1209 4395 1292 4444 which

185 4476 196 4508 ⁶
212 4479 348 4527 Whatevcr
359 4480 458 4543 opinion
471 4495 507 4527 wc
519 4494 576 4542 may
588 4478 651 4526 form
663 4477 691 4525 ol
739 4477 815 4525 MSS.
829 4476 968 4539 altogether
982 4478 1045 4526 omit
1057 4478 1100 4526 the
1111 4478 1210 4527 second.

135 4559 186 4607 this
197 4561 296 4609 ancient
307 4560 495 4624 interpretation
507 4560 535 4607 ol
544 4559 606 4607 Gen.
619 4559 636 4608 i.
646 4572 685 4620 25,
698 4604 701 4610 ,
787 4558 798 4589 ⁹
815 4559 866 4606 Au.
875 4557 936 4619 fecit
947 4565 969 4607 ct
979 4559 1100 4608 emituit
1111 4566 1132 4608 cl
1143 4573 1272 4609 commm.
