3000 4994
583 365 773 419 APOSTOLI.
1213 354 1254 417 19

97 519 179 586 labis
200 541 270 585 esse
291 521 435 597 fructum,
454 539 517 584 non
534 517 641 603 ntique
659 518 764 584 Deum
786 518 986 584 confiteretur
1006 524 1040 583 et
1057 518 1162 584 Deum
1189 540 1254 584 om·
1268 539 1323 624 upa
1332 539 1403 624 pipp
1379 542 1421 579 ι.

98 621 186 686 ιιίιιιιι
199 629 234 687 et
248 643 404 687 summum
420 621 541 708 Regem
554 627 588 687 et
599 620 728 686 Patrem
742 642 844 699 snum,
859 621 1015 706 perfectus
1029 621 1331 716 imperfectum,
1279 632 1356 671 ωδ
1366 632 1406 672 ¹1¹

98 724 249 810 spiritalis
262 724 468 803 animalem,
458 747 486 789 rs
500 724 553 810 qni
570 724 604 789 in
619 724 797 790 Pleromate
820 733 905 790 esset
922 746 994 790 enm
1008 724 1061 810 qui
1076 734 1167 790 extra
1182 724 1255 790 Ple-
1269 755 1419 764 -—-

98 850 197 894 roma.
231 827 342 914 Neque
354 827 534 914 drsorpuh
506 849 574 913 eJns
584 827 679 893 alium
690 829 855 912 quemdam
864 828 968 893 Deum
979 828 1185 906 nominarent,
1199 837 1255 893 aut

100 930 272 996 Dominum
289 940 436 997 vocarent
455 940 569 1017 praeter
585 954 666 1009 eum,
685 933 737 1017 qni
755 954 826 998 vere
843 941 927 998 esset
942 932 1030 998 Deus
1047 942 1080 998 et
1100 933 1255 999 Dominus

98 1037 255 1102 omnium:
280 1037 540 1124 quemadmodum
561 1037 670 1102 dicunt
690 1036 733 1113 hi,
753 1036 805 1122 qni
826 1045 901 1101 sunt
921 1035 1079 1100 vanissimi
1094 1036 1254 1123 sophistae,

100 1138 246 1223 quoniam
262 1138 407 1225 Apostoli
421 1160 493 1204 oum
507 1138 661 1226 hypocrisi
676 1138 815 1203 fecerunt
828 1138 1002 1203 doctrinam
1015 1139 1186 1204 secundum
1200 1160 1254 1204 au·

98 1241 250 1307 dientium
271 1243 487 1329 capacitatem,
510 1251 544 1308 et
565 1243 780 1328 responsiones
802 1243 974 1307 secundum
996 1244 1255 1331 interrogantium

100 1345 320 1432 ¹suspiciones,
336 1345 428 1412 ooeois
441 1368 526 1412 oaeca
542 1347 776 1412 confabulantes
790 1348 961 1413 secundnm
980 1348 1154 1413 caecitatem
1173 1349 1255 1434 ipso

98 1471 179 1530 rum,
194 1450 414 1538 languentibus
430 1460 536 1516 antem
553 1452 724 1516 secundum
740 1451 922 1538 languorem
942 1451 1089 1536 ipsorum,
1104 1460 1137 1516 et
1151 1472 1255 1516 erran·

98 1552 186 1618 tibus
201 1552 372 1619 secundum
385 1576 521 1620 errorem
535 1576 661 1619 eorum:
680 1562 713 1619 ct
730 1555 912 1641 putantibus
932 1553 1137 1641 Demiurgum
1154 1553 1256 1618 solnm

98 1677 169 1722 eme
184 1657 299 1737 Deum,
315 1658 397 1725 huno
411 1659 632 1734 annuntiasse;
649 1657 784 1724 hisvero
798 1657 850 1743 qui
865 1656 1115 1722 innominabilem
1126 1657 1255 1721 Patrem

98 1760 237 1847 capiunt,
260 1783 316 1847 per
334 1762 497 1849 parabolas
518 1770 552 1828 et
574 1762 743 1850 aenignrata
764 1761 983 1827 inenarrabile²
1004 1761 1116 1826 fecisse
1140 1769 1256 1848 myste-

98 1865 197 1930 rium:
221 1865 268 1930 uti
290 1888 353 1931 non
373 1866 632 1951 quemadmodum
654 1865 749 1930 habet
770 1865 838 1951 ipsa
858 1865 981 1943 veritas,
1003 1864 1058 1929 sed
1076 1869 1126 1929 ³et
1147 1864 1180 1928 in
1200 1863 1256 1950 hy-

98 1967 223 2052 pocrisi,
253 1977 287 2034 ot
315 1969 575 2057 quemadmodum
600 1968 744 2054 capiebat
772 1967 993 2053 unusquisque,
1023 1967 1195 2032 Dominum
1222 1977 1256 2033 et

99 2071 273 2158 Apostolos
293 2071 427 2138 edidisse
442 2072 666 2159 magisterium.

164 2177 197 2240 2.
251 2173 326 2240 Hoc
353 2184 460 2240 antem
483 2195 547 2239 non
575 2182 625 2239 est
647 2174 835 2254 sonantium,
862 2196 920 2240 neo
946 2172 1175 2253 vivificantium,
1199 2174 1255 2255 sed

98 2277 200 2366 magis
220 2278 427 2365 gravantium,
448 2288 481 2344 et
499 2278 681 2366 augentium
701 2277 908 2366 ignorantiam
926 2278 1080 2365 ipsorum:
1104 2287 1138 2345 et
1156 2278 1255 2344 multo

97 2381 199 2448 verior
212 2381 263 2446 bis
278 2381 346 2446 Lex
361 2381 543 2460 invenietur,
562 2382 761 2448 maledictum
779 2381 886 2447 dicens
902 2404 1036 2461 omnem,
1053 2383 1105 2468 qui
1125 2383 1157 2446 in
1172 2405 1253 2448 erro·
1268 2391 1329 2478 {³3¹¹-
1339 2393 1407 2431 ¹³¹¹·

98 2506 165 2551 rum
184 2485 292 2551 mittat
308 2507 427 2552 coeonm
445 2485 478 2550 in
492 2487 552 2551 via.
590 2485 650 2568 Qui
670 2485 754 2550 enim
771 2485 812 2549 ad
832 2485 1041 2550 inventionem
1061 2486 1148 2551 missi
1166 2495 1255 2552 erant

98 2589 269 2655 errantium
284 2589 440 2675 Apostoli,
455 2596 489 2655 et
502 2589 544 2654 ad
558 2589 707 2654 visionem
721 2610 829 2654 eorum
843 2587 896 2673 qui
913 2609 976 2652 non
991 2587 1145 2666 videbant,
1167 2597 1200 2654 et
1213 2589 1255 2654 ad

98 2691 285 2758 medicinam
298 2692 522 2780 languentium,
537 2691 645 2777 ntique
665 2714 728 2757 non
745 2691 916 2756 secundum
933 2699 1118 2777 praesentem
1137 2691 1255 2778 opinio·

98 2816 170 2861 nem
189 2795 445 2881 colloquebantur
462 2796 518 2874 eis,
539 2796 595 2861 sed
612 2795 783 2860 secundum
801 2793 942 2860 veritatis
960 2793 1254 2861 manifestationem.

99 2898 167 2966 Neo
181 2898 266 2964 enim
281 2899 409 2985 quilibet
426 2899 567 2964 homines
581 2906 666 2963 recte
685 2898 809 2976 sacient,
827 2897 854 2963 si
873 2919 973 2962 caeoos
988 2899 1181 2985 jamjamque
1198 2919 1254 2984 per

98 3002 304 3089 praecipitium
319 3002 390 3068 ferri
409 3002 601 3088 incipientes,
622 3002 825 3067 adhortentur
839 3000 980 3067 insistere
1000 3001 1041 3066 illi
1060 3002 1253 3088 periculosis-

98 3107 186 3172 simae
205 3105 274 3183 viae,
290 3106 380 3191 quasi
397 3127 468 3171 vero
485 3114 590 3184 rectae,
607 3113 639 3170 et
660 3105 747 3191 quasi
764 3106 845 3170 bene
861 3104 1037 3190 perventuri
1054 3106 1128 3171 sint.
1176 3107 1254 3187 Quis

97 3218 204 3275 autem
223 3208 363 3274 medicus
379 3208 485 3273 voleus
502 3229 609 3273 aurare
626 3221 789 3294 aegrotum,
807 3208 901 3272 faciet
918 3208 1088 3273 secundnm
1110 3210 1253 3297 concupi·

97 3311 234 3380 scentias
253 3311 446 3399 aegrotantis,
466 3319 499 3376 et
512 3333 576 3375 non
595 3311 765 3376 secundnm
785 3310 868 3397 quod
883 3319 991 3396 aptum
1005 3318 1055 3376 est
1074 3312 1253 3379 medicinae?

99 3416 254 3500 Quoniam
273 3424 379 3480 antem
399 3415 554 3480 Dominus
573 3414 711 3479 medicus
730 3413 814 3478 venit
832 3436 938 3479 eorum
959 3414 1011 3500 qui
1028 3414 1108 3480 male
1125 3414 1252 3494 babent,

97 3522 163 3608 ipse
183 3519 380 3598 testificatur,
405 3520 528 3585 dicens:
560 3519 634 3583 Non
660 3527 702 3583 eat
725 3539 798 3604 opos
818 3520 905 3583 sonia
925 3518 1067 3596 meduno,
1097 3519 1151 3584 sed
1173 3519 1417 3589 malesuasae.

96 3624 284 3692 habentibus.
324 3624 398 3688 Non
414 3624 483 3688 oeni
496 3622 717 3706 vocorejnatos,
732 3622 787 3688 aad
794 3633 966 3708 peccatores
977 3623 1252 3710 adponitentiom.

98 3727 263 3811 Quomodo
278 3748 353 3814 ergo
368 3727 420 3814 qui
435 3725 516 3791 male
531 3725 648 3791 habent
662 3726 947 3791 confirmabuntur!
966 3736 999 3792 et
1014 3728 1168 3812 quomodo
1183 3749 1253 3813 peo-

95 3841 220 3899 oatorss
247 3829 465 3917 poenitentiam
493 3831 608 3916 agentl
671 3827 789 3895 Utrum
814 3838 1047 3915 perseverantes
1076 3829 1107 3892 in
1136 3829 1253 3893 eisdem

95 3934 190 4023 ἱρείας
206 3956 250 4000 an
263 3956 282 4000 e
296 3933 461 4012 contrario,
476 3954 624 4020 magnam
638 3933 914 3998 commutationem
927 3940 961 3997 et
974 3931 1252 4018 transgressionem

95 4038 207 4127 prioris
228 4035 472 4104 conversationis
492 4035 691 4121 accipientes,
709 4057 765 4121 per
786 4057 880 4120 quam
902 4042 935 4099 et
953 4033 1170 4121 egritudinem
1190 4056 1253 4099 non

143 4251 153 4284 ¹
173 4252 255 4303 Grooe
272 4253 414 4314 ὑπολήψεις,
429 4267 478 4314 pro
494 4251 653 4313 opinionibus
701 4266 759 4315 may
770 4257 816 4300 not
831 4252 874 4300 the
890 4251 981 4299 author
997 4251 1060 4299 have
1077 4251 1176 4301 written
1194 4254 1253 4317 φρά-

96 4333 158 4385 ‹lr'u't
170 4335 302 4398 Irrtcrprcr.
322 4334 460 4384 Mannum.
702 4335 809 4383 σασθαιὲ

143 4413 155 4446 ²
171 4415 226 4465 Ταΐι
243 4415 269 4464 δὲ
284 4415 327 4463 τὸν
341 4414 537 4473 ἀκατονόμαστον
552 4413 652 4475 Πατέρα
750 4413 760 4446 ³
777 4422 798 4463 ct
814 4415 835 4463 is
851 4415 980 4481 carelessly
995 4416 1100 4466 omitted
1117 4417 1150 4481 by
1164 4417 1250 4468 Mass.

97 4499 221 4559 χωροῦσιν,
234 4499 275 4547 διὸ
291 4498 441 4560 παραβολῶν
451 4497 492 4545 nal
503 4496 651 4556 αἰνιγμάτων
699 4496 750 4545 and
773 4496 896 4558 Seruum
916 4499 972 4547 who
994 4499 1090 4548 follows
1112 4501 1155 4548 tha
1173 4500 1251 4548 Bene-

97 4581 197 4641 ἂρῤιτταν
214 4580 362 4630 πλάσασθαι
379 4579 408 4627 τὸ
424 4578 562 4640 μυστήριον.
598 4577 651 4626 But
700 4579 792 4629 diotine
809 4585 870 4629 text.

1061 4669 1151 4731 ‘2-a
