3000 4994
601 360 643 412 ru
671 359 843 413 cumsno
1234 341 1298 412 271

146 513 306 592 tamquam
316 510 628 595 aprophetisquidem
639 511 678 577 de
688 512 787 578 altero
796 511 929 598 quodam
940 511 1034 590 diota,
1044 511 1186 578 similiter
1195 520 1301 579 autem
1337 528 1391 614 ”1¹³5
1400 528 1440 614 bv'

146 619 315 676 evenenmt
326 611 474 678 Domino.
501 613 620 679 Omnes
630 615 714 679 enim
728 615 888 701 prophetae
899 615 967 681 haec
982 615 1090 680 eadem
1100 616 1301 701 prophetave-
1342 588 1437 707 GQ'·

146 722 238 778 runt:
262 714 318 778 sed
333 736 433 800 neque
443 716 535 781 alicui
548 739 588 781 ex
600 718 756 782 veteribus
767 726 946 783 evenerunt.
983 717 1017 782 Si
1030 717 1112 782 euim
1127 718 1302 783 evenissent
1326 713 1453 799 ξξξῇῘζ·

146 815 239 881 alicui
251 839 289 881 ex
301 819 457 884 veteribus
467 820 538 898 ista,
555 842 618 885 non
628 820 737 907 utique
749 821 800 907 qui
811 829 921 907 postea
931 821 1056 886 luerunt
1065 822 1303 908 prophetassent
1315 834 1465 845 “““-“

147 916 181 982 in
193 920 368 985 novissimis
380 923 572 1009 temporibus
582 924 687 988 lutura
698 924 776 989 haec.
804 925 920 990 Adhuc
932 925 1026 990 etiam
1039 947 1129 990 nemo
1142 933 1191 990 est
1203 948 1303 1011 neque

148 1031 282 1107 patrum,
297 1046 397 1109 neque
411 1026 640 1111 prophetarum,
656 1049 757 1113 neque
771 1028 969 1114 antiquorum
981 1051 1101 1115 regum,
1117 1029 1200 1094 circa
1211 1050 1304 1114 quem

148 1126 270 1211 proprie
297 1131 350 1193 ¹ac
372 1129 549 1214 specialiter
571 1131 688 1196 lactum
714 1131 756 1196 sit
782 1131 898 1218 aliquid
923 1132 1043 1201 horum.
1088 1132 1171 1197 Nam
1195 1153 1305 1197 omnes

149 1228 273 1312 quidem
280 1229 394 1295 Ohristi
406 1231 567 1317 passiones
578 1232 855 1318 prophetaverunt3
872 1233 931 1318 ipsi
942 1235 1111 1299 autem¹ad
1123 1234 1305 1321 patiendum

148 1331 291 1398 similiter
305 1343 340 1398 ut
355 1334 423 1420 ipsa
437 1335 587 1420 praedicta
599 1343 683 1414 sunt,
699 1335 791 1422 longe
805 1343 905 1401 erant.
940 1336 985 1400 Et
999 1344 1185 1423 argumenta
1197 1345 1304 1401 autem

63 1483 72 1504 ·.
82 1463 125 1504 aaa
149 1457 218 1520 quae
239 1437 389 1521 praedicta
407 1446 481 1503 sunt
495 1438 659 1503 dominicae
680 1439 843 1524 passionis,
864 1439 897 1502 in
911 1438 995 1504 nullo
1008 1438 1107 1504 altero
1121 1440 1205 1504 facta
1219 1448 1304 1507 sunt.

150 1537 260 1623 Neque
281 1539 365 1605 enim
389 1541 437 1605 sol
462 1541 565 1606 medio
590 1541 641 1606 die
667 1541 784 1607 oceidit
797 1541 902 1628 aliquo
925 1542 964 1606 de
989 1541 1145 1607 veteribus
1170 1549 1303 1620 mortuo,

148 1663 249 1729 neque
273 1644 406 1709 scissum
434 1654 483 1711 est
507 1645 609 1710 velum
636 1645 754 1731 templi,
777 1666 879 1731 neque
903 1653 987 1710 terra
1011 1652 1098 1710 mota
1121 1653 1180 1724 est,
1204 1667 1305 1731 neque

148 1753 246 1831 petrae
262 1746 412 1833 disruptae
428 1755 514 1826 sunt,
529 1769 631 1833 neque
647 1747 764 1812 mortui
779 1755 1025 1827 resurrexerunt,
1040 1769 1141 1834 neque
1159 1748 1192 1811 in
1211 1748 1306 1813 tertia

149 1847 199 1912 die
214 1848 283 1933 quis
297 1848 418 1913 illorum
432 1849 577 1927 surrexit,
593 1871 693 1936 neque
707 1857 851 1935 receptus
865 1857 914 1914 est
928 1849 961 1912 in
979 1847 1102 1927 coelum,
1118 1870 1219 1936 neque
1232 1871 1305 1914 cum

148 1960 357 2016 assumeretur
381 1952 480 2038 aperti
505 1960 579 2017 sunt
600 1951 682 2031 coeli,
712 1951 867 2037 usquein
889 1972 1003 2017 nomen
1023 1950 1157 2038 alicujus
1177 1951 1306 2016 alterius

149 2054 345 2120 crediderunt
358 2064 477 2141 gentes,
493 2076 594 2140 neque
606 2055 676 2140 quis
690 2076 730 2119 ex
740 2055 787 2119 eis
798 2063 940 2120 mortuus
950 2063 983 2119 et
997 2075 1170 2142 resurgens,
1183 2053 1306 2140 aperuit

149 2178 263 2222 novum
287 2157 442 2223 libertatis
468 2165 703 2223 testamentum.
754 2157 828 2223 Non
857 2157 954 2245 igitur
982 2157 1022 2222 de
1046 2157 1155 2235 altero,
1185 2157 1241 2222 sed
1266 2157 1305 2221 de

150 2260 298 2340 Domino,
320 2261 353 2326 in
375 2284 468 2347 quem
490 2269 711 2327 concurrerunt
733 2261 838 2327 omnia
860 2260 1010 2345 praedicta
1035 2259 1136 2347 signa,
1161 2260 1306 2325 dicebant

150 2364 321 2449 prophetae.
1076 2422 1078 2428 .

217 2471 248 2533 3.
285 2466 319 2531 Si
333 2474 439 2532 autem
453 2467 566 2553 aliquis
580 2468 604 2532 J
607 2467 705 2533 udaeis
723 2466 974 2532 ’advocationem
993 2472 1156 2552 praestans‚
1176 2464 1306 2530 erectio-

151 2590 224 2634 nem
245 2569 364 2655 templi,
391 2592 470 2654 quae,
495 2579 698 2655 posteaquam
724 2570 757 2633 in
780 2569 971 2656 Babylonem
997 2567 1305 2654 transmigraverunt,

152 2672 237 2736 lacta
259 2679 309 2737 est
333 2673 392 2736 sub
417 2672 601 2750 Zorobabel,
627 2683 660 2739 et
681 2672 901 2737 discessionem
923 2670 1028 2757 populi
1053 2691 1123 2755 quae
1146 2669 1230 2734 laets
1251 2677 1301 2733 est

151 2783 222 2860 post
236 2774 435 2861 septuaginta
449 2797 557 2852 annos,
571 2775 654 2840 dicat
668 2775 728 2841 hoc
740 2796 809 2840 esse
824 2795 937 2838 novum
954 2772 1209 2846 Testamentum
1233 2793 1306 2858 cog-

151 2886 270 2956 noscat,
286 2877 433 2962 quoniam
450 2877 605 2964 lapideum
620 2878 745 2963 quidem
759 2877 909 2963 templum
927 2880 1131 2941 ³restructum
1145 2880 1194 2939 est
1208 2880 1304 2949 tuuc;

153 2981 269 3062 (adhuc
284 2980 367 3046 enim
382 2980 434 3045 illa
449 3002 518 3068 quae
534 2981 567 3045 in
580 2980 710 3067 lapideis
730 2980 845 3046 tabulis
858 2980 942 3044 lacta
960 2979 1062 3043 luerat
1081 2977 1149 3042 Lex
1164 2977 1306 3041 servaba-

151 3086 217 3166 tur)
241 3104 354 3147 novum
376 3091 481 3146 autem
502 3090 725 3148 testamentum
747 3082 855 3146 datum
877 3090 926 3146 est
947 3080 1076 3158 nullum,
1102 3079 1157 3145 sed
1179 3100 1217 3143 ea
1238 3077 1306 3165 lege

152 3209 222 3271 quae
237 3208 293 3272 per
309 3186 453 3271 Moysem
477 3186 551 3251 data
565 3194 615 3250 est
629 3186 798 3250 utebantur
811 3206 909 3270 usque
924 3184 965 3248 ad
979 3185 1145 3249 adventum
1158 3181 1304 3246 Domini:

152 3310 172 3353 a
193 3288 321 3353 Domini
343 3298 450 3352 autem
469 3289 604 3354 adventu
623 3309 737 3353 novum
754 3288 990 3353 Testamentum
1012 3287 1053 3350 ad
1077 3308 1186 3372 pacem
1200 3306 1307 3352 recon-

153 3392 272 3470 cilians,
294 3400 327 3457 et
349 3391 534 3456 vivificatrix
552 3392 602 3457 lex
625 3392 658 3455 in
680 3391 854 3456 universam
877 3390 973 3455 exivit
993 3398 1119 3469 terram,
1141 3387 1306 3475 *quemad-

153 3496 279 3560 modum
300 3495 446 3559 dixeruut
463 3495 642 3580 prophetae:
665 3494 719 3557 Ec
732 3494 808 3557 Sion
823 3494 902 3557 euim
916 3493 1051 3579 prodiet
1065 3493 1123 3569 lea,
1144 3501 1171 3556 et
1185 3491 1306 3557 aalma
1320 3513 1459 3600 rippas

153 3598 283 3662 Domini
306 3598 343 3660 dc
357 3597 562 3676 Hierusalem,
591 3607 618 3662 ot
641 3605 749 3682 orpoet
764 3595 916 3681 populum
939 3595 1084 3668 moltam
1110 3603 1138 3658 ot
1153 3565 1390 3658 coricidcatifsle
1420 3569 1449 3601 ¹''

149 3701 270 3787 placitos
282 3722 348 3764 suos
362 3701 396 3763 iu
410 3709 532 3778 aratro,
553 3710 580 3765 et
600 3700 721 3764 buccas
734 3721 804 3763 sous
818 3699 970 3782 iasolcos,
992 3707 1020 3762 ot
1032 3697 1105 3781 jem
1119 3718 1178 3760 oon
1195 3696 1310 3761 discent

150 3824 299 3888 pupaoro.
347 3802 381 3867 Si
397 3803 493 3889 igitur
506 3801 568 3867 alia
581 3801 632 3867 lex
647 3809 680 3867 et
694 3803 821 3867 verbum
836 3801 944 3865 exieus
957 3801 998 3864 ab
1015 3798 1224 3876 Hierusalem,
1240 3805 1309 3862 tan·

153 3913 220 3969 tam
235 3927 343 3990 pacem
367 3906 442 3970 lecit
456 3904 538 3990 apud
553 3927 607 3969 eas
620 3913 731 3991 gentes
752 3925 821 3990 quae
837 3925 909 3968 eum
923 3910 1116 3986 receperunt,
1138 3909 1171 3965 et
1185 3923 1241 3987 per
1254 3922 1309 3965 eas

153 4009 257 4094 arguit
272 4007 488 4093 imprudentiae
503 4007 636 4071 multum
650 4006 808 4093 populum,
823 4005 945 4069 videtur
956 4024 1148 4089 consequens
1159 4004 1199 4068 de
1210 4003 1309 4068 altero

154 4110 270 4175 dixisse
285 4110 461 4196 prophetas.

203 4247 213 4279 ¹
232 4248 276 4298 On.
298 4249 372 4297 omits
389 4264 433 4303 αα·
455 4248 517 4297 ἰδίως
534 4248 628 4311 having
645 4247 707 4297 been
806 4246 817 4279 ³
835 4253 981 4306 restructum,
1001 4246 1177 4305 ἀιωκοδομήθη,
1194 4245 1238 4294 On.
1251 4260 1311 4310 raray

154 4329 273 4378 rendered
285 4330 319 4393 by
327 4328 471 4391 specialiter,
480 4330 523 4378 tha
533 4329 631 4392 margin
642 4329 705 4388 first,
757 4331 788 4379 be
801 4328 881 4379 added
892 4335 919 4377 tc
930 4329 1049 4378 Gsunn's
1060 4328 1110 4388 list,
1123 4327 1154 4376 aL
1167 4327 1308 4379 rmdutton.

154 4411 204 4459 and
213 4411 357 4460 afterwards
364 4413 406 4460 tha
414 4409 706 4472 text,receivedpropric.
807 4410 819 4442 ⁴
835 4409 971 4473 paonadm.
992 4409 1043 4459 dia.
1060 4424 1097 4473 p,
1113 4408 1193 4458 found
1209 4410 1234 4458 in
1246 4412 1308 4470 An,

155 4495 259 4542 ἀπὸτοῦ
271 4495 363 4553 παθεῖν,
380 4493 529 4542 rcadasdtt
540 4493 569 4541 τὸ
581 4509 608 4540 π.
702 4542 705 4546 ,
759 4493 805 4542 but
816 4493 897 4541 notin
911 4492 1055 4553 QVORS.

205 4573 216 4602 ¹
232 4574 393 4639 Advocating
405 4576 447 4624 the
458 4591 531 4624 cause
543 4574 572 4624 of
578 4576 621 4624 the
632 4574 696 4624 Jew.
809 4574 820 4606 ³
837 4574 1065 4636 On.,Vnn.,Voss.,
1075 4576 1180 4625 butas.
1190 4575 1309 4639 procedet.
