3000 4994
209 343 276 410 360
534 362 584 415 ur
606 363 791 416 HOMINEM
814 364 1040 418 nsnrmsnnr

74 528 165 615 Ἓξ
208 511 285 576 Jesn
307 514 519 598 mam'sestotnr
541 514 575 577 in
597 535 690 579 corne
714 515 837 578 mortali
859 525 971 593 nostro,
995 523 1028 580 et
1053 514 1170 600 reliquo
1193 515 1307 592 omnia,
1330 516 1363 581 in

44 621 187 708 (3,thst
209 613 320 698 quibus
341 615 515 699 Apostolus
535 616 698 682 manifeste
718 626 751 683 et
770 617 853 683 elsre
872 617 1129 684 resurrectionem
1151 627 1184 683 et
1205 619 1363 707 incorrup-

86 713 159 753 ’Μ
210 715 304 780 telam
323 718 424 782 carnis
446 719 614 805 praedicat!
659 720 818 808 Oogentur
839 721 945 808 itaque
964 723 1033 788 haeo
1052 730 1142 787 tanta
1165 723 1246 789 mole
1268 723 1362 788 inter-

208 820 333 906 pretan',
349 821 401 908 qui
416 843 512 885 unum
526 822 637 887 nolunt
650 823 729 888 bene
744 822 926 911 intelligere.

667 1104 768 1170 OAP.
793 1103 895 1170 XIV.

208 1235 298 1311 Nisi
326 1261 414 1310 omo
445 1231 627 1310 salvanda
656 1245 750 1324 esset,
788 1259 936 1307 earnem
966 1233 1126 1331 ejusdem
1154 1233 1362 1309 substantioe

285 1380 367 1427 enm
397 1365 523 1426 nostro
558 1351 713 1425 Verbum
743 1377 814 1424 mon
844 1349 1099 1426 assumsisse.-
1134 1364 1362 1450 quopropter

283 1497 348 1545 neo
358 1470 572 1570 peripsum
589 1495 741 1544 essemus
757 1465 993 1542 reconciliati.

210 1643 241 1705 1.
285 1639 454 1721 Quoxrxrr
475 1645 581 1702 autem
601 1659 664 1701 uon
686 1636 834 1701 adversus
854 1636 955 1722 ipsam
976 1637 1183 1702 substantiam
1203 1638 1306 1702 earnis
1327 1645 1360 1703 et
1374 1673 1405 1711 Μ,
1414 1676 1457 1713 31st

207 1741 369 1828 sanguinis
387 1740 467 1805 dixit
488 1739 669 1826 Apostolus,
691 1761 755 1803 non
776 1739 934 1825 possidere
954 1744 1038 1804 ¹eam
1052 1763 1183 1828 regnum
1198 1741 1271 1818 Dei,
1292 1740 1360 1806 ubi-

208 1865 268 1930 que
288 1845 370 1908 idem
388 1843 561 1927 Apostolus
583 1843 616 1905 in
636 1842 773 1906 Domino
792 1841 873 1907 Jesu
894 1842 1019 1907 Christo
1040 1866 1115 1907 usus
1136 1852 1185 1909 est
1208 1844 1310 1910 earnis
1327 1850 1361 1907 et

206 1945 368 2032 sanguinis
389 1944 529 2018 nomine;
554 1944 686 2030 ²aliquid
702 1944 837 2030 quidem,
859 1945 904 2009 uti
922 1946 1096 2010 ³hominem
1116 1948 1184 2033 ejus
1198 1956 1360 2021 statueret,

207 2050 323 2115 etenim
339 2048 405 2133 ipse
419 2047 621 2134 semetipsum
635 2047 752 2111 Filium
769 2047 892 2113 dicebat
905 2048 1067 2114 Hominis:
1094 2050 1227 2136 ²aliquid
1242 2061 1360 2130 autern,

206 2152 252 2218 nti
267 2151 400 2216 salutern
414 2149 516 2215 earnis
531 2159 646 2215 nostroe
661 2151 869 2216 confirmaret.
902 2152 935 2215 Si
951 2151 1034 2216 enim
1049 2175 1111 2218 non
1126 2154 1272 2220 ⁴haberet
1287 2177 1361 2220 coro

206 2257 328 2333 salvari,
352 2276 547 2342 nequequam
564 2254 706 2318 Verbum
727 2253 787 2319 Dei
807 2276 880 2318 earo
904 2255 1023 2320 lactum
1043 2265 1138 2324 esset.
1182 2257 1227 2322 Et
1246 2258 1274 2322 si
1297 2280 1361 2322 non

206 2360 351 2425 ⁴haberet
365 2357 493 2445 sanguis
508 2358 664 2443 justorum
679 2356 802 2441 inquiri,
823 2379 1019 2444 nequaquam
1032 2360 1214 2447 sanguinem
1234 2361 1360 2426 habuis-

206 2472 256 2530 set
265 2463 429 2529 Dominus.
457 2461 519 2526 Sed
531 2461 676 2547 quoniam
690 2461 731 2525 ab
742 2460 831 2526 initio
842 2462 956 2527 vocalis
971 2467 1058 2527 est*⁴
1070 2463 1208 2549 sanguis,
1222 2463 1360 2528 Deusnd

41 2575 131 2618 Μὴ·
143 2574 169 2613 ¹⁰=
207 2567 286 2633 Oain
300 2566 390 2645 dixit,
404 2586 474 2631 oum
489 2562 654 2629 occidisset
667 2564 795 2628 tratrem
809 2585 915 2628 suum:
940 2562 1003 2628 Vos
1012 2565 1299 2651 sonyninisfrotris
1312 2568 1361 2631 tm'

206 2672 320 2745 edomat
333 2671 379 2735 od
390 2692 447 2734 me.
489 2666 533 2732 Et
548 2667 694 2754 quoniam
704 2666 833 2731 hsberet
845 2667 964 2752 exquiri
975 2668 1104 2754 sanguis
1118 2669 1266 2753 ipsorum,
1279 2669 1361 2733 dixit

42 2793 94 2833 om.
103 2791 185 2838 inno
205 2776 246 2841 ad
255 2798 309 2840 eos
321 2773 373 2861 qui
385 2773 485 2838 ⁶eiros
493 2771 561 2837 Noe
570 2780 674 2837 erant:
697 2771 821 2834 Etenim
834 2774 982 2834 ⁶oestrum
995 2773 1170 2856 sanquinem
1181 2773 1361 2836 animorum

205 2889 375 2944 vestrorum
394 2876 553 2963 requiram
572 2876 661 2939 illem
681 2875 718 2938 de
738 2894 832 2938 omnm
848 2874 980 2937 ornnimm
1001 2873 1176 2938 bestiarum.
1220 2875 1283 2938 ⁷Et
1302 2875 1361 2941 ite·

205 3005 288 3047 rum:
315 2981 375 3059 Qm·
388 2979 518 3061 effirndm
527 2980 701 3064 sermocinent
712 2977 849 3055 bominis,
864 2977 1093 3061 ⁸prosooynino
1104 2976 1168 3059 ejns
1176 2976 1360 3057 effimdetnr.

208 3085 357 3150 Similiter
381 3091 485 3147 autem
511 3090 544 3145 et
570 3080 727 3144 Dominus
752 3079 802 3143 his
824 3079 876 3165 qui
903 3079 1060 3143 habebant
1081 3079 1150 3164 ejus
1174 3079 1359 3164 sangninem

40 3195 191 3282 3ῑῇὶῖξῇῑῆ
206 3188 371 3264 effundere,
386 3185 526 3250 dicebat:
550 3183 743 3269 annimtnr
756 3183 851 3246 omma
863 3182 987 3267 sompnis
993 3180 1105 3264 justus,
1122 3183 1175 3267 qni
1190 3183 1361 3264 effirrmitnr

40 3291 65 3328 ω
72 3297 115 3337 usq.
231 3364 234 3368 >
253 3341 264 3374 ¹
280 3308 481 3400 eam,.discnrded
492 3341 527 3404 by
538 3340 624 3388 Mnss.
637 3337 687 3385 and
699 3336 753 3386 ὅτι·
805 3334 883 3384 Hebr.
901 3385 903 3389 .

204 3436 282 3484 mn,
304 3424 325 3472 is
345 3422 454 3471 restored
471 3438 504 3470 ou
523 3422 566 3471 tho
584 3421 712 3485 authority
729 3421 758 3468 os
853 3416 864 3449 ⁷
880 3425 901 3466 et
912 3417 1017 3466 omitted
1027 3418 1053 3465 in
1065 3418 1108 3466 the
1117 3418 1167 3467 AB.
1171 3454 1178 3477 ,
1189 3417 1238 3466 and
1250 3419 1358 3482 perhaps

202 3506 369 3565 thensoro,
380 3504 503 3553 Maron.
514 3503 563 3552 and
571 3502 753 3552 OrnosMSS.
804 3499 879 3546 πάλιν
888 3497 980 3562 simply
990 3497 1062 3546 stood
1073 3499 1099 3545 in
1111 3497 1155 3546 the
1166 3497 1257 3547 Greek.

253 3584 265 3619 ²
283 3586 380 3650 aliquid
393 3584 652 3650 quidem....altqnid
665 3591 752 3645 onnon,
851 3581 863 3615 ⁸
879 3583 932 3631 The
943 3583 1049 3630 Annum
1059 3580 1149 3628 inserts
1159 3579 1267 3642 mmsis,
1281 3581 1328 3629 but
1337 3581 1359 3630 it

202 3669 328 3734 partitive,
342 3671 370 3717 τὸ
381 3669 425 3727 μέν
436 3686 491 3718 τι..
502 3704 508 3716 .
518 3669 547 3716 τὸ
558 3668 585 3715 δέ
596 3685 626 3716 τι.
803 3666 824 3713 is
837 3669 883 3713 not
895 3662 1016 3711 admitted
1034 3662 1072 3709 ior
1085 3661 1128 3709 tho
1145 3661 1239 3709 critical
1257 3677 1358 3710 reasons

252 3750 263 3783 ⁸
279 3750 406 3810 bominem,
421 3750 488 3799 often
501 3749 561 3798 used
576 3748 714 3813 absolutely
729 3749 758 3797 of
803 3745 917 3808 assigned
924 3744 958 3808 by
965 3743 1060 3791 annrr
1068 3743 1093 3789 in
1100 3742 1144 3790 the
1152 3742 1279 3805 following
1287 3747 1355 3792 note.

202 3833 451 3883 thohumonnntura
464 3831 493 3878 oi
505 3830 596 3880 Christ.
630 3829 699 3878 Thus
712 3830 754 3878 tho
804 3828 846 3876 Ito
874 3841 963 3890 quoqne
984 3824 1024 3872 hio
1046 3824 1112 3871 loeta
1134 3823 1250 3885 ollepatur
1269 3823 1359 3885 lepitur

203 3912 755 3972 verseinthaTnDsurr,mmodliberandnrn
803 3909 858 3959 Lib.
873 3920 903 3956 11.
918 3907 997 3957 Oonn.
1010 3906 1060 3967 Ap.
1073 3920 1127 3966 cop.
1142 3916 1171 3953 11.
1185 3918 1225 3964 42,
1239 3904 1253 3952 b
1267 3906 1358 3965 ἑκχέων

202 3996 326 4059 moremini
336 3996 455 4044 bominem
461 3994 550 4044 should
560 3995 624 4043 have
633 3995 693 4043 beon
701 4010 754 4042 reu·
804 3993 864 4051 αἱμα
881 3991 1013 4051 ἀνθρώπου,
1035 3988 1088 4035 drrl
1105 3988 1148 4034 τοῦ
1165 3987 1267 4042 αἵματος
1284 3988 1358 4034 αὑτοῦ

203 4077 284 4137 dered,
304 4079 377 4128 When
389 4085 411 4125 to
422 4076 673 4125 deliverthontooloert
687 4091 754 4137 open
804 4073 971 4135 ἐκχυθήσεται.
1018 4071 1096 4130 Atqne
1119 4067 1154 4116 rie
1176 4067 1248 4116 etiam
1270 4075 1358 4116 πωπω

205 4159 266 4207 Thoe
277 4159 348 4208 Mon.
389 4158 460 4206 Even
475 4156 613 4221 patristieal
625 4155 700 4205 Latin
719 4173 755 4204 ro-
803 4153 867 4202 odr'tt.
881 4151 969 4201 LXX.
987 4150 1146 4210 Interprotom
1157 4148 1358 4211 babentaoepto

199 4239 264 4303 jecto
275 4240 318 4288 tho
329 4240 448 4299 solecism,
457 4254 512 4287 curn
520 4237 642 4300 suscepisti
652 4237 688 4286 od
698 4237 754 4287 libe·
805 4233 907 4296 Oompl,
922 4247 975 4294 qmr
985 4231 1021 4278 ita
1030 4237 1116 4278 rorant:
1133 4230 1186 4276 ἀντὶ
1201 4231 1245 4276 τοῦ
1257 4231 1358 4287 αἵματος

202 4318 318 4367 randum.
804 4317 968 4378 ἀνθρώπουτὸ
983 4314 1057 4361 αὐτοῦ
1073 4312 1242 4371 ἐκχυθήσεται.
1272 4310 1358 4358 Plora

251 4397 360 4463 ⁴Soop.
371 4410 424 4462 354,
435 4399 458 4459 6,
471 4400 520 4448 and
533 4413 587 4463 359,
599 4413 621 4460 3.
803 4399 833 4447 de
859 4397 932 4446 oar-io
958 4396 1030 4458 hujus
1053 4393 1100 4442 lom'
1121 4392 1218 4440 &dione
1243 4393 1359 4453 conpescit

251 4478 329 4528 'An
343 4481 439 4529 inorsa
449 4482 507 4530 Noe.
553 4492 555 4497 ·
804 4480 970 4528 Gornnsnrus
987 4477 1015 4524 in
1034 4482 1083 4522 not.
1117 4472 1358 4522 'Phocaeorum

250 4558 261 4591 ⁰
277 4567 386 4622 mmmm,
403 4561 457 4621 Cn,
472 4566 533 4624 Art,
546 4563 636 4623 Voss,
654 4563 752 4625 Lxx,
803 4562 885 4612 Voss.
900 4562 982 4625 copies
993 4560 1056 4609 have
1068 4555 1173 4605 omitted
1186 4555 1229 4605 tho
1240 4555 1319 4605 word.
