3000 4994
498 352 547 408 ar
573 356 699 411 ninius
723 359 771 410 an
796 359 1027 413 ascensum.
1267 346 1331 415 277

183 509 287 574 (lobni
300 531 370 575 cero
384 530 452 574 cum
466 509 611 575 vidissent
624 510 742 593 filiurn,
766 511 912 577 dicerunt
928 513 1015 577 intra
1029 534 1075 578 ce:
1091 513 1155 578 Hic
1170 523 1212 580 est
1225 515 1332 593 tores,
1369 533 1424 622 epp
1436 536 1474 621 {V-

178 613 287 689 oeoite,
302 612 472 677 occidemus
485 634 561 691 aem,
577 621 605 677 et
619 611 789 677 dolebimus
802 614 1010 679 hereditatem
1024 616 1103 700 pua:
1126 626 1156 681 et
1168 618 1334 703 apprehen·
1374 610 1467 714 ⁰1¹2?-

178 736 246 778 sum
256 739 322 781 eum
331 717 480 800 ejecerunt
488 725 575 780 aetra
585 718 714 794 macore,
726 718 936 782 etoocidarunt
945 721 1032 785 ¹eum.
1053 720 1129 785 Gerre
1138 716 1207 806 erpo
1218 722 1335 785 ceuceu
1358 718 1485 806 ξ’ξξξὶῑξ·

179 818 319 884 wettinus
332 822 436 899 cistere,
452 821 530 907 quid
540 822 645 906 saciet
662 820 772 885 colonis
794 821 877 885 illis?
920 821 965 886 Et
978 823 1124 887 dicerunt
1141 825 1207 889 itti:
1230 825 1334 890 Meloe
1345 846 1494 926 M

179 923 259 989 mole
266 926 388 1010 perdet,
398 936 426 991 et
439 927 654 991 ciueeensocm
669 925 776 990 beabit
789 925 864 990 aliis
878 926 997 1006 colmie,
1009 929 1064 1014 qni
1077 929 1334 1014 reddentsruetua
1345 929 1395 971 ffl-
1403 942 1440 971 ¹¹·
1450 932 1478 972 ¹³

179 1027 360 1112 terrtporc'dus
375 1031 449 1094 suia.
492 1030 613 1093 Iterum
630 1028 707 1093 dicit
726 1029 878 1093 muium:
903 1030 1074 1116 Nunquam
1091 1031 1213 1118 lepidis,
1234 1033 1334 1119 Lapi-
1347 1060 1495 1109 nervum,

179 1130 248 1193 dem
261 1153 348 1215 quem
362 1130 601 1216 reprobaverunt
616 1132 810 1213 (edificantes,
818 1131 868 1196 llio
873 1135 983 1218 sectus
997 1143 1041 1198 est
1054 1134 1088 1198 in
1102 1145 1195 1220 capet
1206 1136 1334 1223 cupuli?
1346 1108 1376 1146 η

179 1234 209 1295 Α
229 1233 360 1297 Domino
381 1235 501 1319 ²fcctua
518 1243 567 1310 eat,
585 1244 613 1298 et
633 1243 675 1298 est
693 1232 846 1299 mirabilis
865 1235 900 1299 ic
919 1235 1013 1300 orote
1038 1238 1156 1301 metesa.
1198 1239 1335 1325 Propter

179 1336 262 1421 qood
274 1337 341 1401 dico
358 1336 447 1415 cobis,
468 1338 613 1423 quoniam
632 1337 792 1421 auferetur
805 1359 827 1400 o
842 1336 1062 1424 columpnam
1075 1339 1149 1417 Dei,
1166 1349 1194 1404 et
1208 1338 1336 1404 daldae

177 1441 261 1525 penti
271 1441 407 1526 facienti
415 1443 545 1526 frocus
559 1441 631 1526 ejus
678 1441 741 1505 Per
760 1463 830 1526 quse
846 1441 984 1506 ostendit
998 1441 1162 1507 manifeste
1176 1442 1335 1528 discipulis

180 1543 246 1607 suis
269 1566 365 1608 unum
388 1545 512 1631 quidem
538 1552 572 1609 et
597 1545 729 1609 eundem
756 1544 1020 1631 patremfamilias,
1047 1544 1107 1610 hoo
1136 1552 1196 1624 est,
1219 1549 1334 1610 ²unum

180 1646 285 1710 Deum
298 1647 437 1725 Patrem,
450 1647 502 1733 qui
516 1668 573 1733 per
586 1646 723 1732 seipsum
737 1646 842 1712 omnia
852 1646 955 1712 ²feoit:
972 1647 1074 1712 varios
1084 1669 1157 1713 vero
1169 1647 1332 1734 agricolas,

179 1751 328 1837 quosdam
353 1750 477 1838 quidem
501 1750 742 1817 contumeliosos
765 1758 798 1815 et
824 1751 979 1835 superbos
997 1758 1031 1815 et
1055 1751 1273 1830 infructuosos,
1300 1760 1334 1817 et

180 1853 308 1918 Domini
332 1854 565 1929 interfectores;
589 1852 741 1939 quosdam
764 1873 837 1918 vero
861 1874 932 1917 oum
958 1851 1043 1918 omni
1066 1852 1242 1918 obedientia
1264 1855 1332 1918 red·

179 1956 289 2021 dentes
308 1958 428 2022 fructus
445 1957 637 2041 temporibus
656 1955 740 2021 suis:
765 1964 798 2021 et
815 1955 948 2020 eundem
970 1955 1053 2020 bunc
1068 1956 1332 2041 patremfamilias,

77 2084 159 2130 uua
178 2061 344 2147 aliquando
371 2060 497 2146 quidem
522 2059 701 2125 mittentem
724 2081 839 2137 servos,
865 2059 1031 2145 aliquando
1059 2060 1184 2146 quidem
1216 2061 1333 2126 Filium

178 2186 280 2229 suum.
326 2166 356 2228 A
373 2186 435 2250 quo
450 2163 547 2250 igitur
563 2163 659 2228 Patre
675 2162 790 2227 missus
804 2170 854 2227 est
873 2162 976 2227 Filius
997 2162 1038 2226 ad
1058 2184 1113 2228 eos
1127 2163 1262 2242 colonos,
1278 2165 1332 2249 qui

177 2267 398 2332 interfecerunt
421 2288 503 2344 eum,
530 2266 571 2331 ab
596 2265 657 2331 boc
682 2275 716 2330 et
738 2265 829 2331 servi.
877 2266 939 2330 Sed
966 2265 1067 2330 Filius
1092 2267 1216 2353 quidem
1241 2267 1331 2354 quasi

176 2391 197 2434 a
217 2370 314 2435 Patre
338 2369 465 2435 veniens
483 2369 646 2454 principali
671 2367 868 2447 auctoritate,
892 2366 1026 2433 dicebat:
1050 2369 1120 2454 Epo
1137 2379 1240 2434 autern
1263 2371 1331 2435 dieo
1343 2395 1472 2445 aaran.

176 2471 267 2537 cobis.
313 2472 401 2537 Servi
425 2481 532 2537 autem
559 2471 647 2558 quasi
671 2492 691 2536 a
713 2470 850 2536 Domino
876 2469 1037 2550 serviliter,
1063 2479 1097 2536 et
1121 2480 1248 2558 propter
1271 2473 1331 2539 hoo
1342 2444 1460 2492 mm

175 2575 335 2641 dicebant:
359 2577 438 2641 Hero
452 2577 529 2640 dicit
544 2576 704 2640 Dominus.

241 2682 272 2743 2.
318 2680 418 2760 Quem
442 2679 538 2766 igitur
561 2678 604 2741 illi
630 2677 801 2741 Dominum
822 2677 1044 2762 praeeouabsnt
1057 2677 1234 2756 incredulis,
1247 2678 1332 2745 bunc

176 2779 320 2846 Christus
334 2780 463 2845 tradidit
477 2781 527 2845 bis
542 2780 594 2867 qui
611 2779 765 2845 obediunt
780 2779 842 2844 ³ei:
868 2788 901 2844 et
916 2779 968 2866 qui
979 2779 1106 2866 priores,
1122 2780 1186 2845 sive
1197 2780 1331 2867 primum

175 2904 230 2966 per
244 2882 385 2948 servilem
406 2881 655 2970 legisdationem,
670 2890 833 2947 vocaverat
856 2881 954 2960 Deus,
974 2881 1026 2946 hic
1048 2881 1245 2967 posteriores,
1265 2882 1331 2949 sive

173 2995 285 3070 postea
306 3008 361 3072 per
382 2985 593 3071 adoptionem,
613 2984 773 3050 assumsit.
817 2983 977 3049 Plantavit
996 2983 1079 3048 enim
1100 2984 1189 3049 Deus
1209 2985 1330 3050 vineam

173 3087 300 3152 humani
315 3088 449 3175 generis,
464 3088 565 3173 primo
580 3087 705 3173 quidem
720 3108 776 3171 per
789 3086 1027 3171 plasmationem
1049 3087 1143 3164 Adae,
1158 3096 1192 3152 et
1206 3087 1330 3154 electio·

173 3212 246 3255 nem
260 3199 403 3276 patrum:
427 3190 556 3255 tradidit
570 3198 676 3255 autem
692 3188 828 3254 ⁴colonis
842 3210 897 3274 per
914 3210 984 3253 eam
998 3188 1243 3276 legisdationem,
1259 3212 1329 3276 quae

174 3301 224 3358 est
245 3315 300 3377 per
323 3293 480 3378 Moysem:
514 3314 620 3378 sepem
641 3300 749 3356 autem
769 3290 984 3369 circumdedit,
1008 3290 1040 3355 id
1066 3301 1126 3370 est,
1149 3293 1328 3359 circumter-

173 3395 303 3460 minavit
317 3418 425 3461 eorum
439 3395 614 3469 culturam
638 3402 671 3458 et
686 3392 795 3459 turrim
809 3392 986 3471 aedificavit,
1004 3392 1202 3458 Hierusalem
1217 3393 1327 3481 elegit:

173 3506 206 3563 et
220 3498 356 3564 torcular
371 3498 459 3575 fodit,
475 3497 705 3583 receptaculum
725 3495 898 3581 prophetici
917 3495 1053 3580 Spiritus
1072 3497 1272 3582 praepsravit:
1296 3504 1330 3562 et

172 3602 218 3668 sio
239 3603 406 3688 prophetas
426 3602 512 3666 misit
531 3609 700 3688 antequam
716 3607 803 3665 esset
824 3599 857 3662 in
875 3598 1068 3685 Babylonem
1085 3599 1328 3686 transmigratio,

172 3711 205 3768 et
220 3712 292 3788 post
307 3702 611 3790 transmigrationem
625 3701 704 3767 alios
720 3701 844 3779 iterum,
861 3700 964 3786 plures
983 3722 1077 3787 quam
1098 3701 1216 3786 priores
1235 3722 1328 3785 expe

172 3815 276 3871 tentes
301 3807 431 3885 fructus,
457 3804 598 3870 dicentes
621 3805 700 3869 illis:
723 3804 819 3868 ὅΗωσ
848 3803 927 3868 dicit
954 3803 1122 3867 Dominae:
1152 3802 1328 3868 Emendate
1339 3830 1381 3870 ra.
1390 3829 1450 3870 vua

223 3935 233 3969 1
251 3937 458 3998 Gnunu.,Voss.,
472 3937 519 3985 but
530 3937 637 3986 Annun.
651 3935 725 3985 oniits
773 3934 812 3983 for
824 3934 898 3994 αὐτῷ.

171 4033 225 4068 mm
822 4013 834 4045 ⁴
850 4015 898 4062 Au.
911 4013 1001 4061 inserts
1013 4026 1073 4060 eum.

220 4098 232 4130 ¹
242 4099 334 4162 fndus,
355 4099 408 4160 Ca,
426 4099 517 4160 Voss,
536 4099 574 4148 Ib.
592 4097 723 4158 mirabilia,
822 4096 834 4128 ⁶
850 4096 910 4145 Hoeo
921 4095 981 4143 dicit
991 4092 1121 4153 Dominus,
1133 4092 1238 4141 omitted
1248 4093 1275 4141 in
1283 4093 1327 4144 the

171 4199 199 4231 as
213 4183 265 4231 also
276 4183 392 4242 Auum,
407 4181 456 4229 aud
472 4181 534 4229 both
550 4181 666 4243 readings
682 4194 725 4228 arc
774 4178 884 4238 Cum„
897 4176 946 4225 and
962 4173 1138 4238 consequently
1150 4173 1176 4221 in
1191 4174 1233 4222 tha
1244 4174 1325 4225 Voss.

171 4264 250 4313 found
263 4264 289 4311 in
302 4263 345 4311 tha
361 4263 403 4311 old
419 4262 479 4311 Ital.
494 4278 557 4312 vers.
570 4279 577 4322 ;
592 4261 677 4310 Vnus.
697 4276 724 4309 as
774 4260 842 4320 MS,
866 4260 913 4308 but
927 4258 970 4306 the
993 4257 1092 4305 Cultu.
1115 4257 1265 4305 transcribet
1281 4257 1326 4306 bas

171 4344 231 4405 Ga„
245 4343 344 4406 fuctum
361 4350 393 4392 cat
411 4342 485 4403 wad,
500 4349 521 4391 et
539 4349 570 4391 ert
592 4341 724 4399 minutim
773 4342 894 4392 donabis
912 4340 982 4389 work
999 4355 1060 4403 very
1076 4339 1230 4404 negligently
1243 4340 1270 4388 in
1283 4341 1327 4389 tho

170 4426 222 4474 Au.
230 4426 347 4488 sactum
365 4424 403 4472 Ib.
416 4439 502 4483 unum,
509 4422 583 4485 facit.
773 4423 900 4486 following
915 4420 1099 4486 questionae
1115 4420 1198 4481 omits,
1215 4427 1237 4469 et
1252 4436 1328 4471 morea

220 4506 277 4567 ⁸ci,
298 4508 369 4565 As.;
391 4504 512 4554 absorbod
531 4505 566 4569 by
583 4511 611 4566 et,
633 4503 724 4553 oaused
774 4512 865 4564 vestros,
879 4505 947 4564 than,
960 4502 1324 4568 adsentatio...ucuapuisque,

169 4588 216 4639 nbi
227 4595 254 4639 to
262 4590 293 4639 be
301 4587 646 4651 meatu,cn.,voss.;1nt,
659 4587 726 4648 αὐτῷ
774 4585 832 4647 and,
839 4584 1027 4650 jusjurandum.
1035 4621 1041 4632 .
1049 4621 1055 4634 .
1063 4583 1152 4634 vestrm
