3000 4994
214 317 281 384 310
568 328 811 384 ARGUMENTA
835 330 1006 384 caman

283 466 332 499 GH.
1319 467 1371 497 ml.

266 535 345 590 VIII.
391 535 476 589 Dona
497 534 617 607 Spiritus
634 535 722 590 sanati
744 553 804 607 qua
825 536 975 606 recipimus,
991 544 1158 607 proeporant
1178 554 1226 590 nos
1246 537 1285 590 ad

433 621 652 693 incorruptelam,
678 621 862 693 spiritalesque
888 623 1012 687 reddunt,
1040 631 1064 676 et
1088 623 1285 677 eternalibus

430 710 601 764 disoesnunt:
624 709 672 780 qui
685 708 794 763 mundis
808 718 832 763 et
846 708 994 763 immundis
1006 708 1171 764 animalibus
1185 710 1216 763 in
1231 709 1284 781 leae

430 796 618 868 sipnifieantur
690 832 1282 850 .......
1318 799 1373 850 339

273 938 326 993 ΙΧ.
390 936 528 1006 Quomodo
557 935 742 1007 intellipendus
771 936 805 990 sit
834 935 906 989 loom
931 934 1061 1005 Apostoli.
1089 953 1140 1006 quo
1166 935 1283 990 haretici

432 1023 628 1078 abutebantur:
653 1021 725 1077 Caro
746 1032 770 1077 et
786 1022 897 1092 sanpuis
915 1022 1040 1091 Repnum
1058 1022 1184 1083 Detnon
1198 1022 1283 1093 possi·

433 1111 531 1164 debunt
599 1144 1281 1164 ........
1319 1114 1371 1164 341

281 1247 318 1301 X.
386 1245 537 1317 Superiora
561 1245 662 1315 probat
689 1244 864 1299 similitudine
889 1245 971 1299 dueta
997 1248 1031 1300 ab
1059 1247 1182 1311 oleastro,
1208 1248 1284 1320 eujus

432 1331 550 1403 qualitas
572 1339 687 1395 tantum,
705 1348 761 1384 non
776 1341 888 1396 natura,
902 1348 954 1402 per
973 1332 1121 1386 insitionem
1144 1343 1283 1388 mutatur.-

433 1418 545 1473 ostemlit
559 1434 660 1488 quoquo
674 1418 806 1472 bominem
817 1419 872 1472 sine
888 1417 1005 1489 Spiritu,
1020 1421 1187 1493 neessuotus
1201 1422 1283 1484 edere,

433 1505 618 1575 moltonnum
633 1503 918 1576 Deipossidereposso
982 1544 989 1559 .
1078 1542 1086 1558 .
1175 1545 1182 1558 .
1274 1545 1282 1560 .
1318 1510 1373 1560 345

274 1643 327 1698 ΧΙ.
390 1641 434 1696 De
456 1641 612 1696 oamsalium
626 1650 650 1695 et
669 1641 836 1712 spiritalium
854 1641 985 1712 operibus,
999 1641 1182 1712 ablutioneque
1199 1643 1282 1712 spiri·

434 1728 485 1782 toli
507 1745 562 1781 uon
582 1728 621 1781 ad
637 1744 781 1798 corporum
801 1727 987 1791 substantiam,
1010 1728 1055 1781 sed
1074 1728 1200 1801 pristinos
1220 1729 1282 1783 uites

434 1813 656 1868 conversationum
670 1814 812 1887 reserenda
883 1851 1282 1869 .....
1318 1818 1372 1871 347

269 1950 337 2006 XII.
392 1951 435 2005 Ds
448 1950 599 2020 differentia
612 1950 707 2005 mortis
718 1959 742 2004 et
761 1951 832 2014 nuos,
845 1951 953 2021 afflatus
967 1949 1029 2003 oitae
1044 1958 1068 2003 et
1083 1948 1204 2021 Spiritus
1218 1951 1282 2004 uiui-

429 2037 559 2107 fioantis:
590 2046 614 2091 et
643 2037 772 2107 quomodo
800 2037 892 2100 mdem
919 2036 1068 2091 sitbstantia
1097 2037 1196 2101 earnis,
1222 2055 1284 2108 quae

433 2131 542 2177 mortua
553 2123 741 2187 &tremuisset
787 2160 1281 2178 ......
1318 2129 1373 2180 349

260 2258 342 2314 XIII.
388 2259 546 2314 Maximum
565 2260 693 2331 specimen
716 2260 914 2315 resurrectionis
933 2260 1057 2313 babemus
1080 2258 1110 2311 in
1132 2261 1246 2314 mortuis
1264 2279 1283 2313 a

434 2345 539 2400 Christo
565 2347 714 2401 mutitatis.-
735 2348 869 2418 cordaque
894 2354 988 2400 nostra
1012 2345 1126 2416 oapaoia
1148 2363 1199 2400 esse
1219 2348 1283 2400 uitas

434 2441 542 2487 oelernoe
563 2450 592 2487 eo
612 2434 796 2499 ostenduntur,
816 2433 888 2505 osted
900 2450 972 2486 nuno
991 2431 1127 2503 Spiritum
1145 2432 1199 2486 Dei
1215 2434 1282 2488 reoi-

428 2529 511 2591 psant
587 2554 1280 2573 ........
1317 2525 1372 2576 365

263 2640 344 2699 XIV.
387 2641 450 2696 Nisi
471 2658 535 2696 earo
549 2641 684 2695 salvanda
704 2648 774 2705 osset,
788 2647 897 2694 sarsum
914 2640 1028 2713 ejusdem
1045 2640 1200 2694 substantias
1221 2658 1283 2694 oum

432 2737 526 2782 nostra
556 2727 673 2782 Verbum
695 2744 751 2780 non
773 2727 957 2781 adsumsisset:
981 2735 1146 2798 qsmproptor
1168 2743 1213 2781 nee
1231 2745 1284 2798 per

432 2815 521 2885 ipsum
535 2831 645 2868 ememus
659 2813 823 2868 rmonoiliati
886 2849 1281 2867 .....
1317 2817 1373 2869 360

269 2945 334 3002 XV.
392 2946 558 3000 Testimoniis
583 2946 680 3001 Esaia
705 2954 729 2999 st
757 2946 903 3000 Ezechielis
923 2917 1028 3016 probat
1055 2946 1282 3012 resurrectionem,

428 3033 589 3103 eundemque
604 3032 693 3086 Deum
707 3049 754 3086 nos
770 3033 989 3087 resusoitaturum
1003 3049 1054 3087 esse
1068 3033 1116 3102 qui
1130 3033 1230 3086 creauit
1273 3071 1281 3086 .
1315 3037 1371 3089 363

262 3171 320 3225 XV
321 3170 344 3226 I.
392 3170 461 3226 Cum
482 3171 512 3225 in
535 3179 637 3225 tetram
662 3188 778 3242 corpora
799 3179 893 3225 nostra
914 3178 1090 3234 revertantur,
1111 3171 1230 3241 sequitur
1250 3188 1283 3226 ea

430 3257 493 3311 indo
505 3258 684 3312 substantiam
698 3258 808 3312 lsabssu:
825 3258 887 3312 item
905 3257 986 3312 Verbi
999 3257 1116 3312 adomuu
1132 3257 1235 3312 alarius
1250 3258 1281 3312 in

430 3344 505 3398 nobis
518 3345 609 3416 imapo
624 3344 678 3399 Dei
691 3345 824 3416 appamit
880 3380 1281 3398 .....
1317 3349 1371 3402 367

255 3478 350 3533 XVII.
388 3477 464 3533 Deus
478 3487 502 3533 et
515 3479 653 3534 Dominus
669 3480 753 3534 Pater
773 3488 798 3534 et
812 3478 925 3534 Creator
946 3478 1131 3532 smioersosum
1145 3479 1241 3533 unicus
1258 3490 1282 3535 st

428 3565 500 3620 solus
521 3575 567 3630 est,
586 3567 633 3637 qui
654 3583 702 3620 nos
724 3566 755 3619 in
770 3565 875 3620 Christo
889 3564 989 3626 amois,
1004 3574 1142 3636 praesepto
1156 3566 1236 3629 dean,
1258 3575 1282 3620 st

430 3653 531 3707 reuisit
554 3654 629 3707 nobis
651 3661 780 3724 peecata:
809 3652 884 3723 cujus
907 3651 1011 3704 filium
1040 3660 1064 3705 et
1092 3651 1210 3706 Verbum
1231 3669 1283 3707 sese

431 3737 551 3794 ebruna
561 3739 697 3811 protavit,
711 3747 891 3810 compescam
905 3738 1067 3792 andoure
1172 3778 1179 3792 .
1271 3780 1277 3794 .
1317 3743 1372 3798 369

244 3876 355 3932 XVIII.
390 3875 538 3931 Creaturas
557 3877 704 3939 universas,
719 3877 814 3946 quibus
836 3875 912 3931 Deus
932 3877 1019 3930 Pater
1039 3878 1140 3948 et-e'us
1163 3876 1282 3931 Verbum

430 3971 557 4030 utuntur,
571 3980 623 4016 sua
642 3963 761 4033 propria
782 3963 880 4017 uirtute
900 3971 924 4017 et
937 3963 1070 4034 sapientia
1085 3963 1279 4025 condiderunt,-

428 4066 484 4102 non
506 4066 538 4103 ee
558 4049 623 4112 labe,
641 4058 690 4102 aut
709 4049 885 4118 ipnorantia:
907 4049 977 4103 alias
1003 4067 1145 4120 nunquam
1171 4067 1282 4104 earnem

430 4136 593 4190 assumsisset
616 4134 670 4189 Dei
684 4135 781 4199 Filius,
795 4136 842 4206 oui
859 4153 963 4190 omnem
982 4154 1000 4188 a
1020 4137 1107 4191 Patre
1125 4144 1281 4207 potestatem

430 4222 530 4293 aooepit
590 4258 1279 4278 ........
1317 4228 1374 4282 372

257 4354 340 4410 XIX.
388 4357 457 4412 Cum
465 4357 529 4412 an
536 4358 694 4412 inobediente
702 4365 726 4412 et
734 4356 954 4429 praeuasioatrioe
963 4365 1140 4427 eomparatur
1148 4357 1184 4411 B.
1197 4357 1282 4428 Viryo

430 4443 537 4508 Maria,
560 4444 634 4499 illius
655 4445 803 4499 aduocata:
824 4446 1030 4518 referunturque
1050 4444 1137 4498 uarios
1157 4452 1182 4498 ot
1202 4444 1281 4499 ‹lissi-

430 4530 516 4584 donitt
531 4530 639 4585 lsoertttt
683 4569 690 4583 .
778 4566 787 4582 .
877 4571 883 4584 .
975 4568 983 4583 .
1071 4571 1079 4585 ,
1171 4571 1177 4584 ,
1270 4571 1277 4585 ,
1317 4535 1372 4588 375
