3000 4994
254 331 319 396 216
719 347 928 401 summania

113 518 167 558 ma.
170 518 216 604 ,W
254 507 338 565 essct
354 503 428 565 ¹suo
443 500 597 587 plasmati,
612 499 734 565 salvans
746 500 830 577 illud,
845 509 878 565 et
888 500 1098 587 perceptibilis
1111 502 1152 565 ab
1166 521 1214 578 eo,
1227 509 1259 564 et
1270 500 1405 565 liberans
1419 518 1445 557 a
1451 518 1496 557 ιν

117 567 216 651 ‘³3¹3'-
252 623 309 666 nos
336 602 539 668 demonibus
565 602 704 666 omnium
725 602 897 668 odientium
919 624 985 679 nos,
1008 602 1083 667 lhoc
1109 610 1169 681 est,
1195 604 1236 667 ab
1263 603 1404 667 universo

71 756 75 767 .
99 703 225 743 ΜΝ
252 704 508 791 transgressionis
525 705 654 791 spiritu:
678 714 711 771 et
725 705 842 770 faciens
859 727 917 770 nos
936 706 1050 770 servire
1064 706 1152 769 sibi'
1143 728 1176 769 m
1190 707 1357 771 sanctitate
1372 714 1405 771 et

88 863 191 909 Lm„
200 870 221 904 a
249 808 373 894 justitia
387 830 495 873 omnes
509 809 576 873 dies
596 816 729 887 nostroe,
745 808 791 872 uti
811 808 991 894 complexus
1005 809 1098 873 homo
1118 809 1267 894 Spiritum
1284 809 1381 887 Dei,'
1372 831 1405 873 m

88 874 134 954 ⁷³¹3
251 910 382 996 gloriam
397 912 487 976 cedat
503 912 618 976 Patria.

318 1019 349 1079 5.
395 1013 475 1079 Haec
490 1015 669 1099 prophetice
684 1015 902 1102 significabant
922 1015 1091 1101 prophetae,
1111 1015 1242 1080 sednon
1258 1016 1405 1100 quemad-

250 1118 378 1181 modum
392 1117 518 1204 qnidam
529 1118 646 1197 dicunt,
659 1119 802 1183 invisibili
818 1119 914 1184 Patre
928 1120 1067 1184 omnium
1077 1119 1258 1196 exsistente,
1273 1119 1405 1183 alterum

250 1241 321 1285 esse
336 1244 418 1298 eum,
438 1222 491 1308 qui
512 1222 705 1308 aprophetis
721 1222 885 1288 videretur.
929 1223 1019 1288 ”Hoc
1038 1232 1144 1287 autem
1164 1225 1280 1301 dicunt,
1297 1223 1350 1310 qui
1372 1225 1405 1287 in

251 1331 363 1400 totum,
390 1323 465 1408 quid
489 1324 530 1387 sit
557 1323 729 1409 prophetia,
757 1325 910 1389 nesciunt.
956 1325 1039 1389 Nam
1064 1326 1227 1412 prophetia
1252 1336 1301 1391 est
1326 1348 1405 1412 prae-

251 1425 367 1490 dicatio
381 1427 566 1501 futurormn
584 1427 616 1490 id
636 1435 694 1505 est,
714 1449 822 1492 eornm
844 1449 913 1514 quae
933 1436 1120 1513 posternat,
1142 1429 1404 1515 praesignificatio.

253 1528 544 1616 Praesignificabant
573 1529 669 1617 igitur
696 1531 857 1617 prophetas
887 1531 1034 1616 quoniam
1063 1531 1216 1596 videbitur
1247 1532 1336 1596 Deus
1364 1533 1405 1595 ab

88 1658 207 1698 urana
251 1631 448 1708 hominibus;
472 1633 731 1719 quemadmodum
752 1643 785 1699 et
805 1635 961 1700 Dominus
978 1635 1039 1699 ait:
1064 1636 1158 1699 Beati
1179 1637 1290 1700 muodo
1305 1637 1405 1716 corde,

250 1738 393 1822 quoniam
402 1731 577 1823 ipaiDeum
587 1736 739 1802 videbunt
768 1739 832 1803 Sed
842 1740 1011 1804 seeundum
1024 1739 1269 1826 magnitudinem
1280 1740 1405 1826 quidem

86 1865 153 1951 ,¹8⁰⁶
163 1865 237 1904 ιιιιιι
249 1841 327 1926 ejus,
342 1849 374 1904 et
386 1840 556 1906 mirabilem
568 1841 709 1927 gloriam,
722 1863 806 1906 nemo
819 1841 936 1906 uidebit
950 1843 1061 1921 Deum,
1075 1852 1105 1906 et
1114 1843 1209 1917 civem
1225 1843 1406 1929 incapabilis

251 1943 335 2007 enim
361 1943 474 2007 Pater:
506 1944 677 2008 secundum
699 1951 806 2008 autem
832 1944 1031 2009 dilectionem
1055 1954 1087 2009 et
1113 1944 1348 2022 humanitatem,
1372 1956 1406 2012 ct

251 2045 333 2131 quod
348 2045 453 2110 onmia
467 2046 576 2131 possit,
598 2046 693 2110 etiam
714 2046 774 2111 hoc
794 2046 976 2111 concedit‘'
957 2068 995 2110 us
1010 2046 1062 2132 qui
1082 2045 1275 2132 sediligunt,
1294 2046 1404 2124 idest,

88 2179 237 2226 rmum,
251 2148 354 2212 videre
378 2148 493 2227 Deum,
523 2148 606 2233 quod
627 2156 662 2213 et
685 2148 914 2235 prophetabant
939 2149 1110 2235 prophetae.
1159 2149 1313 2230 Quoniam
1338 2173 1406 2236 ques

250 2251 447 2337 impossibilia
460 2252 549 2336 opud
561 2252 700 2330 dominos,
709 2251 872 2337 possibilia
885 2253 974 2338 opvtd
985 2254 1098 2316 Deum.
1134 2251 1240 2317 Homo
1255 2254 1370 2317 etenim
1385 2276 1406 2317 a

250 2376 286 2419 se
305 2376 368 2419 non
388 2355 484 2420 ³videt
508 2355 623 2421 Deum.
667 2355 723 2420 llle
742 2365 849 2420 antem
867 2356 972 2420 volens
993 2355 1114 2420 videtur
1136 2357 1193 2420 ‘ab
1214 2356 1404 2435 hominibus,

250 2481 271 2523 a
287 2458 399 2546 quibus
413 2458 488 2536 vult,
505 2467 540 2523 ct
559 2460 683 2544 quando
698 2459 773 2537 vult,
789 2465 821 2524 et
836 2459 1094 2544 quemadmodum
1109 2458 1185 2523 vult.
1223 2458 1342 2523 Potens
1357 2469 1407 2525 est

250 2562 334 2627 enim
359 2561 392 2626 in
412 2562 555 2627 omnibus
575 2562 681 2627 Dens:
705 2563 790 2627 visus
817 2560 942 2649 quidem
967 2569 1042 2626 tunc
1063 2583 1118 2646 per
1143 2561 1293 2646 Spiritum
1315 2563 1406 2647 ⁵pro-

249 2666 382 2752 phetice,
403 2666 487 2732 visus
506 2676 612 2730 antem
634 2675 667 2730 et
687 2688 742 2752 per
765 2665 881 2730 Filium
899 2666 1053 2752 adoptive,
1072 2666 1225 2730 videbitur
1246 2675 1353 2730 autem
1372 2677 1406 2731 et

249 2769 282 2834 in
297 2769 407 2857 Regno
422 2770 569 2835 coelorum
585 2771 793 2855 paternaliter,
818 2769 936 2855 Spiritu
952 2769 1077 2855 quidem
1097 2778 1290 2855 praeparante
1305 2770 1404 2833 homi-

249 2894 322 2937 nem
343 2873 375 2936 in
394 2872 529 2937 ⁶Filium
553 2873 625 2951 Dei,
649 2872 731 2937 Filio
757 2880 862 2938 autem
883 2872 1057 2936 adducente
1080 2871 1120 2935 ad
1143 2871 1281 2950 Patrem,
1307 2873 1405 2939 Patre

248 2984 354 3039 autem
382 2975 621 3060 incorruptelam
639 2976 774 3040 donante
798 2976 830 3039 in
848 2983 1000 3042 atomum
1024 2975 1129 3054 vitam,
1146 2996 1216 3058 quae
1239 2975 1405 3063 unicuique

249 3078 351 3142 evenit
363 3101 406 3144 ex
416 3101 458 3144 eo
473 3079 556 3164 quod
571 3079 674 3144 uideat
689 3078 804 3144 Deum.

85 3259 235 3346 ΜΝ
327 3240 359 3311 6.
405 3238 541 3340 Ὥσπερ
573 3245 606 3313 οἱ
634 3242 822 3329 βλέποντες
850 3239 896 3311 τὸ
923 3245 1003 3338 φῶς,
1032 3241 1124 3316 ἐντός
1150 3244 1213 3312 εἰσι
1244 3248 1307 3313 τοῦ
1335 3250 1406 3340 φω-

85 3352 230 3439 fflf'ffl,
250 3351 318 3437 τδς,
344 3354 397 3424 rui
421 3362 479 3436 τῆς
505 3355 749 3453 λαμπρότητος
779 3355 881 3423 αὑτοῦ
901 3383 1109 3448 μετεχουσιν·
1137 3385 1237 3430 ουτως
1266 3386 1294 3424 οι
1290 3357 1406 3442 ’βλέ-

86 3445 236 3532 msam
250 3497 369 3544 τοντες
400 3465 461 3537 τὸν
492 3466 642 3551 θεὸν,’
626 3468 718 3543 surde
748 3468 811 3537 εἶσι
848 3470 912 3537 τοῦ
944 3465 1037 3549 Occu,
1077 3467 1276 3562 μετέχοντες
1304 3499 1405 3538 αυτου

315 3647 344 3712 6.
390 3647 659 3729 Quemadmodum
696 3646 852 3711 ⁷videntes
880 3646 984 3710 lumen
1014 3648 1096 3711 intra
1125 3645 1229 3709 lumen
1257 3654 1341 3722 sunt,
1371 3655 1405 3711 et

245 3750 421 3816 claritatem
443 3751 511 3837 ejus
528 3751 717 3836 percipiunt:
742 3749 840 3814 sicet
862 3749 915 3834 qui
937 3749 1042 3813 vident
1064 3749 1177 3825 Deum,
1196 3749 1279 3812 intra
1299 3748 1404 3812 Deum

246 3863 330 3932 sunt,
346 3853 550 3940 percipientes
570 3854 638 3940 ejus
658 3851 842 3917 claritatem.
879 3851 1047 3915 ⁸Vivificat
1061 3858 1165 3914 autem
1186 3872 1240 3915 eos
1260 3850 1401 3916 claritas:

199 4007 202 4015 ’
296 3998 368 4048 1ΑΒ.
377 4000 467 4048 inserta
475 3997 744 4058 hcrelroceatnna'oerao,
753 3997 803 4045 and
899 3997 987 4056 “Arm
1009 3997 1068 4055 Gn,
1082 3997 1114 4043 al.
1124 3995 1265 4058 prophetia.

247 4079 321 4127 omits
331 4080 373 4127 tlro
384 4079 465 4128 words
476 4079 540 4128 from
552 4080 594 4128 the
606 4078 733 4141 following
741 4077 799 4126 lina.
899 4077 910 4109 ⁸
927 4077 982 4138 (ln,
996 4077 1074 4136 Van,
1087 4077 1167 4125 Voss.
1180 4075 1253 4125 Filio.
1286 4077 1337 4125 AB.
1352 4083 1399 4128 ate.

297 4160 309 4192 ¹
324 4161 368 4210 loc
378 4169 458 4209 auum
469 4161 562 4220 dicant,
576 4162 638 4220 Aa,
654 4161 743 4209 Mauo.
757 4172 799 4219 11.,
849 4176 877 4209 aa
889 4161 975 4209 above.

248 4241 307 4300 Gn,
323 4243 427 4291 omitted
439 4243 464 4291 in
476 4243 530 4303 Cn,
541 4243 623 4291 Voss.
636 4242 685 4290 and
697 4242 783 4290 Mass.
898 4237 909 4270 ⁷
925 4237 989 4285 enim
996 4237 1042 4285 has
1051 4236 1110 4284 been
1121 4236 1251 4295 cancelled,
1261 4252 1288 4284 aa
1296 4237 1401 4285 omitted

298 4322 309 4355 ³
325 4323 398 4372 sidu.
406 4323 534 4373 ..videtum
552 4324 652 4372 Cannu.
662 4323 712 4371 and
719 4323 798 4372 Voss.
848 4320 873 4369 in
886 4321 929 4369 the
940 4321 1039 4369 Cursu.
1047 4320 1098 4368 and
1109 4320 1189 4368 Voss.
1200 4319 1276 4368 MSS.
1295 4319 1402 4369 Neither

247 4402 507 4453 adele.,.videtuur.
536 4405 574 4454 cf.
590 4416 629 4466 72,
644 4419 666 4453 a.
847 4401 906 4450 does
917 4402 960 4450 the
972 4402 1054 4450 Greek
1065 4406 1120 4449 tcxt
1131 4401 1238 4449 indicate
1249 4402 1277 4449 it.

297 4482 309 4513 ⁴
334 4484 387 4544 ὑτὸ,
412 4487 474 4544 Aa,
496 4487 555 4545 Gla,
573 4487 620 4535 but
638 4485 728 4546 Vosa,
743 4486 797 4543 On,
897 4481 1169 4543 ⁸uiviteat...Dcum,·
1188 4483 1238 4531 thia
1252 4483 1400 4531 memberis

247 4562 334 4612 Mass.
346 4563 596 4626 uideturlwmimdua
610 4567 704 4628 quadus.
848 4563 952 4613 omitted
971 4564 996 4612 in
1016 4565 1059 4612 the
1081 4563 1225 4612 Onnnuouu
1247 4563 1298 4612 and
1315 4564 1397 4613 Voss.
