3000 4994
552 364 800 422 nosciturus.
1187 354 1254 420 493

98 526 143 612 τῇ
165 518 295 610 καθόδῳ
314 528 372 603 τῆι
395 522 494 613 ἁγίας
514 522 628 619 ψυχῆς
647 523 816 625 Χριστοῦ.
858 524 912 602 Ὡς
932 523 1001 625 γὰρ
1020 524 1064 598 τδ
1083 528 1256 626 κουφότα-

99 662 161 704 τον
190 630 291 726 ξυλον
316 634 524 734 ὑποβρύχιον
550 637 698 729 γε’γονεν,
725 639 744 708 ὁ
774 635 809 707 δὲ
837 640 1033 739 βαρύτατος
1061 640 1256 711 ἐπεπόλασε

99 742 247 843 σίδηρος·
282 745 367 819 οὕτω
396 754 459 819 τοῦ
483 748 571 819 Θεοῦ
598 750 707 842 λόγου
738 750 858 835 ἐνόσει,
893 758 937 844 τῇ
964 753 1037 823 καθ’
1064 753 1255 824 ὑπόστασιν

100 859 233 955 φυσικῇ,
270 860 442 936 ἕναθίντος
467 864 510 953 τῇ
537 861 646 959 σαρκί,
679 860 723 934 τό
754 862 845 961 βαρὺ
872 863 927 934 καὶ
955 861 1071 955 γεῶδες
1102 863 1167 935 ind
1196 873 1255 948 τῆς

99 971 187 1047 θείας
224 971 352 1070 φύσεως
385 975 428 1049 είς
464 973 615 1072 οὐρανούς
646 975 818 1075 ἆνελῆφθη
854 973 941 1059 μετὰ
975 976 1036 1059 τὴν
1067 974 1255 1051 ἆνιίστασιν

96 1082 343 1183 εἰφθαρτισθέν.

593 1323 754 1390 XXVII.

181 1481 236 1553 Τδ
255 1479 341 1554 κατὰ
362 1481 547 1555 Ματθοῑον
566 1481 785 1575 Εύαγγέλιον
803 1482 887 1584 πρδς
910 1483 1084 1563 Ἰουδαίους
1103 1487 1251 1588 ἐγράφη·

99 1593 192 1666 οὗτοι
223 1593 291 1696 γὰρ
323 1596 502 1679 ἐπεθύμουν
534 1596 619 1667 πόνυ
656 1595 795 1697 σφόδρα
833 1599 868 1669 ἐκ
905 1599 1100 1699 σπέρματος
1137 1599 1254 1688 Δαβίδ

98 1707 266 1807 Χριστόν.
306 1708 348 1778 Ὁ
362 1706 397 1778 δὲ
416 1707 607 1792 Ματθαΐος,
625 1708 679 1779 καί
695 1711 746 1780 ἔτι
762 1713 896 1792 μᾶλλον
911 1711 1150 1811 σφοδροτέραν
1167 1713 1252 1809 ἔχων

96 1821 158 1903 τὴν
180 1821 338 1902 τοιαύτην
366 1821 548 1906 ἐπιθυμίαν,
574 1822 738 1899 παντοίως
757 1821 894 1893 ἔσπευδε
911 1826 1149 1924 πληροφορίαν
1167 1857 1254 1926 παρ-

97 1935 185 2030 έχειν
205 1933 324 2017 adroic,
344 1937 384 2011 ὡς
404 1934 450 2015 ε’ίη
468 1934 502 2004 εἰς
530 1934 727 2033 σπέρματος
753 1933 869 2023 Δαβὶδ
894 1935 1095 2037 ὁΧριστός·
1126 1937 1177 2011 διδ
1198 1939 1252 2010 καὶ

98 2045 167 2118 ιἰπδ
184 2053 241 2128 τῆς
262 2047 417 2139 γενέσεως
436 2046 539 2117 αύτοῦ
557 2044 696 2147 ἤρξατο.

585 2332 764 2400 XXVIII.

180 2482 227 2552 Ἡ
248 2481 341 2578 ἀξίνη
361 2483 445 2584 πρὸς
462 2487 522 2570 τὴν
535 2484 641 2588 ῥίζαν,
661 2486 757 2586 φησί·
787 2485 954 2590 διεγείρων
971 2488 1056 2591 πρὸς
1073 2490 1252 2583 ἐπίγνωσιν

96 2742 291 2830 regrediente
307 2751 417 2809 sanctu
432 2742 549 2810 Ohristi
569 2742 685 2822 enims,
699 2742 812 2810 onimae
827 2743 931 2830 plures
949 2743 1043 2809 simul
1057 2744 1253 2810 ascenderint

96 2844 181 2911 etin
202 2847 382 2932 corporibus
404 2846 478 2912 visse
502 2846 574 2912 sint.
620 2846 890 2928 Quemadmodum
911 2845 995 2912 onim
1016 2845 1146 2933 lignum,
1168 2847 1253 2931 quod

96 2947 194 3015 levius
209 2958 268 3028 est,
284 2950 461 3015 demersum
476 2958 540 3024 ναις
564 2950 679 3015 ferrum
693 2971 775 3029 vero,
792 2950 874 3037 quod
892 2949 1018 3037 gratim
1031 2957 1090 3027 est,
1105 2970 1253 3035 superno·

95 3052 191 3119 tevit:
215 3052 261 3119 sic
276 3075 314 3118 ee
328 3052 468 3119 unitione
482 3051 680 3140 hypostatica
693 3060 788 3138 utque
803 3052 942 3139 physica,
958 3074 1020 3137 quo
1032 3052 1174 3118 Verbum
1189 3052 1252 3118 Dei

96 3156 182 3222 cami
208 3157 411 3243 conjunctum
437 3164 502 3232 est;
526 3155 609 3240 quod
635 3176 730 3243 grune
756 3161 790 3220 et
815 3162 973 3220 terrenum
1002 3164 1080 3234 erat,
1103 3176 1124 3220 ιι
1148 3154 1254 3221 divino

95 3268 209 3325 natura
230 3260 264 3323 in
285 3259 381 3325 coelos
406 3268 591 3338 assumtum,
617 3258 883 3325 immortalitatem
904 3267 976 3346 post
997 3259 1254 3326 resurrectionem

99 3369 302 3426 consecutum
324 3369 383 3426 est.

164 3496 324 3563 XXVII.
364 3496 569 3583 Evangelium
580 3496 752 3562 secundum
763 3497 1148 3566 MotthaeumsdJudaeos
1157 3501 1254 3587 scrip·

97 3607 166 3666 tum
180 3608 240 3665 est.
274 3599 321 3664 Hi
336 3599 420 3664 enim
431 3599 580 3684 majorem
596 3598 630 3663 in
643 3600 770 3665 modum
785 3601 952 3686 cupiebant
967 3623 1007 3666 ex
1021 3601 1139 3667 semine
1150 3602 1253 3668 David

98 3700 259 3767 Ohristum
288 3699 420 3766 ostendi.
474 3700 650 3766 Matthaeus
676 3722 748 3768 vero
774 3702 828 3786 qui
854 3703 974 3780 eadem,
1000 3723 1058 3768 uec
1083 3702 1253 3769 remissiori

97 3825 191 3889 quem
213 3802 283 3888 ipsi,
307 3802 478 3890 cupiditate
501 3811 670 3881 teneretur,
694 3804 779 3869 omni
805 3805 926 3870 ratione
945 3805 1107 3870 contendit
1129 3805 1254 3892 plenam

97 3906 174 3994 ipsis
188 3906 282 3970 fidem
297 3906 409 3984 Iacere,
426 3905 509 3991 quod
524 3905 668 3971 Christus
685 3906 728 3971 sit
747 3907 899 3972 coemine
914 3906 1067 3973 Doridis:
1091 3917 1255 3995 propterea

96 4032 117 4075 a
131 4009 248 4076 Christi
263 4008 446 4096 genealogia
460 4009 584 4074 initium
599 4009 701 4075 duxit.

165 4146 346 4212 XXVIII.
391 4147 516 4213 Securis
529 4146 575 4211 ad
588 4147 735 4226 radicato,
750 4146 812 4224 uit;
832 4146 975 4213 excitans
988 4148 1029 4212 sd
1044 4147 1254 4237 cognitionem
1266 4169 1325 4211 ιιιιι.
1335 4171 1364 4210 ιιι
1375 4171 1402 4210 ro.

141 4345 264 4395 XXVII.
284 4343 376 4394 Editcd
387 4344 421 4407 by
434 4342 463 4392 P.
477 4342 584 4393 Possm.
598 4344 624 4392 in
635 4360 652 4393 s
751 4342 889 4393 XXVIII.
925 4343 1002 4393 From
1018 4344 1062 4395 tho
1078 4361 1146 4396 sauro
1156 4363 1250 4399 source.

99 4427 189 4477 Cotem
196 4427 302 4476 Ραιιτιηι
313 4441 346 4475 cn
359 4424 382 4474 S
396 4423 547 4473 Mutthcwi.
560 4423 593 4473 iii.
607 4441 649 4489 pp.
701 4423 824 4489 Compare
834 4437 859 4474 v.
873 4426 932 4475 xvii.
946 4441 969 4485 4,
984 4441 1008 4490 p.
1023 4437 1078 4489 371.

98 4524 120 4570 3,
136 4523 174 4573 39.
210 4509 249 4559 cf.
262 4524 304 4573 pp.
319 4509 358 4569 48,
373 4519 414 4570 49,
427 4505 455 4555 of
463 4506 512 4555 thir
523 4505 629 4555 volume.

201 4613 275 4660 voc.
295 4613 328 4657 ιι.
1107 4596 1149 4660 31
