3000 4994
227 340 294 404 340
481 351 708 405 ANIMALIUM
736 351 886 403 LEGALE
913 348 1123 402 DISCRIMEN

68 527 156 568 nav.
165 528 209 569 an.
228 526 266 571 ac
281 502 525 569 ¹rationabiliter
538 509 760 568 conversantur
774 501 806 564 in
821 500 974 579 omnibus,
991 500 1077 586 juste
1093 498 1265 585 Apostolus
1288 497 1382 583 spiri·

74 577 208 707 {¹¹2}ngst
229 609 308 674 tales
329 617 430 684 vocat,
453 607 600 691 quoniam
616 605 751 692 Spiritus
766 605 828 670 Dei
842 604 965 670 habitat
984 605 1017 668 in
1038 605 1124 690 ipsis.
1165 602 1381 689 Incorporales

21 728 24 733 ·
67 692 216 795 Q*-
229 721 334 777 autem
349 710 477 798 spiritus
491 717 659 775 nonerunt
678 707 820 773 homines
841 707 1015 792 spiritalem
1039 708 1095 772 sed
1109 706 1286 772 substantia
1307 727 1380 769 nos·

229 822 288 891 tra,
314 813 347 878 id
372 822 432 891 est,
455 812 570 877 animae
596 820 629 877 et
652 812 755 876 carnis
784 810 933 876 adunatio
954 831 1118 875 assumens
1137 809 1289 895 Spiritum
1304 807 1379 886 Dei,

227 917 399 1003 spiritalem
422 917 579 983 hominem
605 916 736 1003 perficit.
782 916 849 980 Eos
869 923 975 980 autam
1001 913 1055 999 qui
1079 913 1230 1000 abjiciunt
1252 912 1381 997 quidem

230 1019 364 1106 Spiritus
378 1020 551 1100 consilium,
561 1020 663 1085 carnis
677 1028 782 1086 autem
794 1018 1003 1105 voluptatibus
1016 1017 1164 1094 serviunt,
1176 1024 1209 1081 et
1220 1015 1383 1081 irrationa-

61 1223 210 1265 annun
230 1204 336 1282 αΤοὺς
357 1204 392 1277 δὲ
413 1205 733 1301 ιἰχαλιναγωγῆτους
755 1203 851 1303 φησὶ,
872 1202 926 1274 καὶ
948 1205 1237 1304 καταφερομένους
1258 1204 1383 1285 εἰςτὰς

229 1320 351 1391 ἑαυτῶν
380 1319 559 1402 ἐπιθυμίας,
586 1315 744 1401 μηδεμίαν
770 1317 909 1413 ἔχοντας
932 1317 1105 1400 ἐπιθυμίαν
1128 1319 1215 1390 θείου
1239 1320 1384 1402 πνεύμα-

228 1454 296 1516 ἑτοι,
312 1482 320 1501 .
335 1484 343 1501 .
359 1485 366 1500 .
383 1429 508 1507 δικαίως
528 1433 546 1500 ὁ
564 1430 787 1507 'Arrio-roboc
807 1430 979 1528 ‹roprrroir
999 1434 1122 1500 3ιιαλίεἲ.

227 1612 331 1679 biliter
350 1613 466 1691 vivunt,
489 1619 522 1678 et
543 1611 716 1677 ineffrenati
736 1610 923 1697 dejiciuntur
944 1611 976 1675 in
999 1633 1057 1677 sua
1078 1611 1241 1692 desideria,
1265 1613 1382 1700 quippe

228 1717 344 1783 nullam
371 1716 522 1782 babentes
550 1715 772 1802 aspirationem
799 1714 893 1778 divini
920 1715 1057 1799 spiritus,
1081 1716 1136 1780 sed
1162 1738 1326 1802 porcorum
1348 1726 1383 1782 et

228 1840 341 1895 canum
356 1839 441 1883 more
456 1817 583 1893 vivimt3
608 1818 666 1881 hos
674 1818 760 1903 juste
778 1817 949 1903 Apostolus
963 1819 1102 1885 carnales
1117 1827 1220 1897 vocat,
1234 1819 1384 1905 quoniam

229 1921 306 1985 nihil
327 1921 410 1986 aliud
433 1942 526 2007 quam
544 1920 680 1986 carnalia
701 1919 851 1985 sentiunt.

294 2027 325 2088 2.
370 2023 415 2088 Et
430 2024 588 2110 prophetae
602 2030 709 2088 autem
724 2030 849 2108 propter
863 2023 944 2088 hanc
959 2025 1089 2089 eandem
1111 2044 1238 2089 causam
1260 2023 1383 2090 irratio·

228 2124 382 2190 nabilibus
399 2124 585 2189 animalibus
606 2123 780 2189 assimilant
794 2146 859 2203 eos,
874 2134 1001 2212 propter
1014 2125 1241 2191 ⁴irrationalem
1256 2147 1383 2192 conver-

62 2247 104 2287 ser·
114 2246 160 2286 ιν
228 2229 380 2294 sationem
396 2228 544 2314 ipsorum,
560 2228 718 2293 dicentes:
742 2228 830 2316 Equi
837 2230 979 2315 forentes
992 2230 1038 2294 od
1044 2232 1192 2315 foeminas
1200 2232 1288 2316 farti
1300 2240 1382 2309 sarr,

228 2332 430 2419 υαυνᾳιιὶοᾳυο
444 2333 578 2418 ipsorum
592 2331 733 2396 liutricus
746 2332 792 2397 ad
804 2354 927 2397 oaorem
934 2333 1074 2418 proximi
1086 2333 1147 2396 arti.
1193 2332 1237 2396 Et
1252 2355 1380 2399 rursus:

67 2453 214 2495 armam
229 2434 416 2500 Homerum
440 2436 476 2499 ιἰι
499 2433 711 2512 decertasset,
738 2434 924 2498 minutatur
948 2444 989 2498 ort
1002 2434 1161 2517 jumentis.
1208 2434 1281 2500 Hoc
1307 2436 1382 2522 quia

228 2537 415 2603 lsecundum
431 2559 520 2603 suam
530 2558 656 2602 causam
666 2535 855 2601 assimilatur
862 2536 1024 2621 jumentis,
1034 2536 1275 2603 irrationabilem
1284 2561 1381 2602 aemu-

228 2641 297 2706 lans
319 2640 428 2706 vitam.
488 2640 551 2706 Sed
579 2647 612 2705 et
641 2662 700 2706 nos
725 2640 758 2704 in
781 2639 1006 2705 consuetudine
1035 2640 1211 2726 hujusmodi
1237 2641 1381 2707 homines

224 2745 368 2830 jumenta
389 2752 422 2810 et
440 2766 552 2831 pecora
573 2743 796 2810 irrationabilia
817 2743 964 2808 dicimus.
1010 2744 1161 2809 Praedixit
1181 2753 1287 2809 autem
1302 2747 1382 2832 figu-

63 2873 177 2915 rans
228 2849 335 2914 raliter
349 2848 453 2913 omnia
468 2848 536 2912 haec
553 2848 631 2926 Lex,
647 2847 686 2911 de
703 2846 890 2911 animalibus
911 2845 1071 2911 delineans
1092 2846 1270 2913 hominem:
1295 2869 1382 2934 quae·

63 2921 200 3018 iilum
229 2973 361 3038 cunque,
385 2950 496 3036 inquit,
526 2950 681 3035 duplicem
703 2949 852 3036 ungulam
876 2950 992 3014 habent
1013 2959 1046 3015 et
1072 2951 1241 3030 ruminant,
1265 2953 1382 3017 munda
1396 2975 1478 3014 naor.

228 3053 413 3126 enuntians;
442 3074 634 3139 quaecunque
654 3061 762 3117 autem
782 3060 839 3117 aut
860 3061 1026 3138 utrumqne
1048 3054 1096 3118 vel
1115 3053 1247 3119 alterum
1269 3056 1381 3119 horum

228 3178 292 3221 non
309 3156 435 3232 habent,
462 3155 547 3220 velut
570 3156 730 3220 immunda
751 3177 930 3243 segregans.
979 3157 1040 3238 Qui
1061 3166 1136 3222 sunt
1155 3179 1230 3245 ergo
1250 3158 1383 3222 mundit

230 3259 292 3342 Qui
307 3259 339 3322 in
356 3258 483 3322 Patrem
498 3265 531 3322 et
547 3257 665 3321 Filium
679 3259 838 3343 perfidem
849 3258 927 3323 “iter
938 3259 1069 3324 firmiter
1082 3259 1222 3336 faciunt3
1246 3260 1314 3325 haec
1332 3270 1383 3325 est

67 3385 151 3425 rara
228 3363 313 3428 enim
334 3361 466 3426 firmitas
484 3382 602 3439 eorum,
626 3361 679 3446 qui
703 3362 834 3448 duplicis
853 3371 927 3427 sunt
947 3363 1089 3450 ungulae:
1123 3371 1156 3428 et
1179 3362 1302 3448 eloquia
1320 3365 1381 3429 Dei

209 3466 418 3530 meditantur
439 3464 489 3531 die
503 3487 541 3530 ac
562 3474 664 3543 nocte,
680 3465 726 3529 uti
749 3465 893 3551 operibus
907 3467 997 3532 bonis
1016 3467 1226 3540 adomentur3
1249 3468 1317 3533 haec
1333 3477 1382 3533 est

228 3569 311 3635 enim
326 3567 548 3633 ruminantium
563 3568 670 3634 virtus.
695 3570 864 3654 immunda
878 3571 1011 3648 ⁷autem,
1026 3593 1096 3654 quae
1111 3592 1211 3656 neque
1226 3571 1381 3656 duplicem

228 3671 376 3760 ungulam
397 3671 524 3750 babent,
544 3693 645 3758 neque
665 3672 832 3750 ruminant,
859 3673 919 3737 hoc
942 3681 1000 3750 est,
1025 3673 1077 3760 qni
1099 3695 1200 3759 neque
1219 3673 1252 3737 in
1276 3673 1381 3739 Deum

229 3776 322 3841 fidem
342 3776 468 3855 habent,
491 3798 592 3862 neque
613 3776 735 3862 eloquia
756 3779 824 3863 ejus
846 3776 1053 3841 meditantur:
1078 3776 1146 3841 haec
1161 3784 1266 3841 autem
1281 3776 1382 3840 ethni·

229 3902 336 3945 corum
351 3887 400 3944 est
413 3880 614 3947 abominatio.
652 3880 729 3961 Quae
744 3887 850 3944 autem
865 3879 1022 3944 ruminant
1036 3879 1171 3965 quidem,
1187 3901 1249 3944 non
1264 3880 1383 3945 habent

279 4065 288 4098 ¹
305 4067 356 4116 Aa.
370 4067 526 4117 rationaliter.
830 4068 886 4128 438.

278 4147 289 4179 ¹
305 4149 366 4197 Ηαο
373 4148 461 4196 Irrnoei
469 4149 541 4198 verba
547 4148 660 4210 αῑίιμαυίι
669 4148 782 4197 Basilius
879 4147 890 4180 ³
907 4150 1022 4197 Srrnanrr
1031 4166 1077 4212 per·
1088 4150 1220 4210 incuriam,
1237 4152 1317 4200 λαλεῖ.

228 4231 272 4280 lib.
287 4230 318 4279 dc
332 4230 429 4293 Spiritu
444 4232 468 4280 S.
488 4247 542 4294 cap.
563 4246 601 4296 ιο,
617 4230 662 4295 (al.
681 4231 734 4294 η)
747 4231 782 4279 ite
879 4231 890 4261 ⁴
907 4231 962 4291 Gn„
976 4233 1038 4291 Aa,
1049 4232 1124 4292 Van,
1134 4233 1226 4292 Voss.;
1242 4233 1274 4282 al.
1288 4233 1386 4282 irratio·

225 4313 348 4375 proefctm
361 4314 484 4375 Εἰρηναῖος
491 4316 517 4363 δὲ
524 4316 617 4373 ἐκεῖνος,
629 4315 723 4375 demur
734 4317 782 4362 τῶν
830 4313 942 4363 mbilem.

234 4395 386 4444 Δποστόλων
401 4397 533 4457 γενόμενος,
549 4399 599 4446 πῶς
616 4398 722 4455 ἐμνήσθη
739 4398 782 4445 τοῦ
878 4395 889 4427 ⁶
910 4396 1111 4454 κατὰτὴναυιῶν
1119 4397 1205 4455 αἰτίαν,
1223 4396 1384 4458 inculpant.

229 4477 363 4532 πνευματος
375 4477 399 4525 ἐν
410 4478 446 4537 τῷ
456 4479 514 4539 πρὸς
529 4480 573 4527 τὰς
587 4480 688 4540 αἱρέσεις
704 4480 778 4540 λόγῳ,
879 4476 890 4509 ⁰
907 4479 959 4528 AB.
973 4478 1102 4541 carelessly
1113 4479 1188 4526 omits
1200 4478 1250 4526 iter.

230 4557 375 4615 ἀκούσωμεν.
421 4560 523 4609 Gaaan.
572 4560 644 4610 l'irrd.
667 4560 735 4611 Cart.
760 4572 779 4610 1.
879 4560 890 4594 ⁷
906 4552 986 4610 aalma
997 4559 1101 4609 omitted
1113 4561 1138 4608 in
1150 4561 1194 4609 tha
1205 4559 1249 4609 On.
