3000 4994
231 328 297 399 372
576 343 617 395 m
645 341 768 396 onnon
791 341 1031 397 sununmnun

94 519 188 606 2135}
225 503 320 588 Ἧόη
340 502 407 586 diri
426 501 518 597 ἀξίνη
537 501 620 602 πρὸς
636 505 695 587 τὴν
713 502 810 604 ῥίζαν
827 507 893 576 τῶν
910 501 1046 602 δένδρων
1064 513 1181 575 κεῖται.
1225 503 1386 601 Ἱερεμίας

67 613 211 698 ‘'hiddi''
233 615 267 688 di
287 618 405 701 ὁμοίως
421 617 533 716 φησίν·
564 619 582 687 ό
602 618 708 708 λόγος
727 616 854 716 Κυρίου
878 620 917 692 ὡς
943 617 1077 692 πέλεκυς
1094 618 1228 688 κόπτων
1246 617 1384 715 πέτραν.

73 704 218 789 :Ei-⁸}-
232 731 366 802 Τοῦτον
391 727 444 801 orio
468 731 683 828 κεκρυμμένον
707 728 767 829 ἀφ’
794 733 888 813 ἡμῶν,
916 731 934 810 ἦ
958 735 1020 800 τοῦ
1048 726 1150 822 ξύλου
1176 730 1385 829 ἐφανέρωσεν

232 847 271 921 ὡς
301 844 498 942 προέφαμεν
527 843 705 927 οἰκονομία.
756 840 858 912 Ἐπεί
879 839 948 942 γὰρ
972 839 1024 911 διὰ
1045 839 1146 935 ξύλου
1165 839 1386 928 ἀπεβάλομεν

232 953 340 1039 αὐτόν,
377 954 430 1025 διὰ
459 953 560 1049 ξύλου
591 952 694 1025 πόλιν
730 952 875 1054 φανερὸν
905 965 977 1030 τοῖς
1008 957 1112 1025 πᾶσιν
1145 956 1289 1047 ἐγένετο,
1315 956 1387 1024 ε’πι-

233 1066 376 1138 δεικνύων
396 1066 439 1139 τό
457 1067 556 1164 ὕψος,
576 1069 630 1138 καί
650 1075 758 1152 μῆκος,
779 1067 832 1138 καί
853 1063 992 1151 πλάτος,
1016 1067 1070 1137 καὶ
1094 1065 1202 1154 βάθος
1221 1069 1254 1137 ἐν
1272 1068 1385 1156 ἑαυτῷ,

231 1181 285 1252 καί
303 1185 343 1257 ὡς
363 1182 429 1280 ἔφη
455 1212 507 1257 τις
531 1185 615 1252 Ῑτῶν
633 1181 908 1279 προβεβηκότων,
937 1176 989 1250 διὰ
1020 1187 1077 1261 τῆς
1108 1181 1195 1257 θείας
1225 1178 1388 1256 ἐκτάσεως

233 1299 299 1366 τῶν
318 1298 436 1393 χειρῶν
459 1293 535 1369 τοὺς
563 1291 617 1364 δύο
641 1293 739 1370 λαοὺς
761 1295 803 1369 εἷς
826 1293 881 1362 ἕνα
907 1291 993 1363 Θεὸν
1020 1289 1179 1384 συνάγων.
1232 1294 1302 1362 Δύο
1327 1290 1388 1375 μὲν

235 1404 303 1506 γὰρ
322 1407 354 1477 ai
381 1416 497 1504 χεῖρες,
521 1407 574 1477 ότι
599 1403 728 1477 καὶδύο
753 1406 832 1476 λαοί
858 1403 1093 1503 διεσπαρμένοι
1121 1408 1164 1481 εἷς
1190 1403 1235 1476 τὰ
1254 1406 1388 1503 πέρατα

234 1527 292 1601 τῆς
310 1527 378 1611 γῆς·
405 1519 465 1602 μία
486 1517 520 1589 δὲ
539 1520 624 1603 μέση
646 1517 788 1618 κεφαλὴ,
814 1519 868 1589 ότι
898 1515 940 1594 είς
963 1520 981 1588 ό
1007 1516 1101 1601 Θεὸς,
1123 1520 1141 1588 ό
1165 1518 1219 1588 ε’πί
1243 1515 1386 1599 πάντων,

234 1631 287 1703 καὶ
309 1629 361 1702 ded
383 1628 524 1715 πάντων,
543 1631 596 1702 καί
616 1632 649 1702 ἐν
669 1634 772 1701 πᾶσιν
790 1634 873 1715 ἡμῖν.

68 1831 220 1871 ΜΗ·
234 1821 379 1886 arborum
394 1820 496 1905 posito
519 1829 569 1884 est.
615 1819 660 1883 Et
684 1817 862 1883 Hieremias
882 1825 988 1882 nutem
1007 1816 1150 1884 similiter
1167 1817 1227 1882 eit:
1259 1815 1391 1881 Verbum

233 1923 371 1999 Domini,
390 1921 640 2008 quenmdmodom
657 1920 792 2007 dipemeis
810 1921 927 1986 credens
942 1930 1076 2005 petram.
1122 1920 1194 1985 Hoo
1213 1943 1288 2007 ergo
1308 1919 1390 1983 Ver-

233 2025 308 2090 bum
326 2023 543 2087 sbsoonditum
562 2022 687 2087 anobis
707 2022 927 2101 manifestavit,
949 2021 1228 2108 ²quemodmodum
1246 2021 1391 2108 praedixi·

234 2148 314 2204 mus,
331 2125 406 2212 ligni
429 2124 603 2209 dispositio.
641 2124 796 2205 Quoniam
816 2125 900 2190 enim
919 2147 975 2210 per
988 2125 1109 2212 lignum
1128 2125 1290 2189 emisimus
1305 2123 1390 2199 iilud,

234 2251 290 2315 per
303 2228 422 2315 lignum
439 2226 552 2292 iterum
566 2227 764 2291 manifestum
778 2228 921 2292 omnibus
936 2228 1053 2293 Iactum
1067 2235 1126 2306 est,
1141 2227 1308 2292 ostendens
1321 2226 1392 2290 elti-

233 2330 384 2408 tudinem,
405 2337 438 2394 et
452 2328 687 2416 longitudinem,
709 2338 742 2394 et
763 2329 976 2395 latitudinem³
996 2330 1099 2396 inse:
1124 2338 1157 2394 et
1178 2330 1391 2417 (quemadmo
1405 2358 1480 2401 αυτ.

235 2433 310 2498 dum
327 2432 408 2496 dixit
427 2431 552 2517 quidam
571 2433 609 2497 de
629 2432 817 2515 senioribus)
833 2454 890 2518 per
904 2433 1117 2497 extensionem
1135 2455 1293 2511 manuum,
1313 2433 1393 2498 duos

234 2537 365 2624 populos
385 2535 425 2599 nd
443 2558 540 2599 unum
559 2536 662 2600 Deum
683 2555 885 2623 congregans.
934 2535 1015 2600 Duae
1034 2537 1160 2621 quidem
1179 2558 1301 2613 manus,
1319 2538 1394 2622 quis

235 2649 268 2706 et
282 2641 344 2704 duo
358 2638 463 2726 populi
480 2638 610 2724 dispersi
625 2637 657 2701 in
676 2639 754 2703 fines
768 2647 879 2703 terroe:
902 2660 998 2703 unum
1014 2647 1120 2703 autem
1135 2639 1272 2705 medium
1287 2648 1392 2726 eaput,

236 2742 383 2829 quoniam
402 2750 434 2806 et
449 2763 530 2807 uuus
551 2741 638 2807 Deus
652 2763 746 2827 super
760 2763 878 2819 omues,
900 2750 932 2806 et
948 2764 1003 2826 per
1020 2763 1138 2821 omnes,
1154 2751 1187 2808 et
1202 2742 1234 2806 in
1249 2743 1394 2808 omnibus

237 2845 336 2911 nobis.

685 3083 785 3150 OAP.
810 3083 952 3150 XVIII.

242 3227 442 3301 creaturas
458 3228 656 3320 universas,
682 3231 812 3330 quibos
828 3232 932 3308 Deos
952 3234 1073 3309 Pater
1090 3248 1123 3310 et
1139 3237 1214 3334 ejus
1238 3236 1396 3311 Verbum

316 3358 477 3438 utuntur,
509 3373 578 3422 soa
600 3349 764 3447 proptio
789 3349 921 3425 virtute
950 3364 983 3426 et
1008 3353 1193 3453 sapientia
1225 3354 1396 3430 condide-

316 3474 420 3547 runt·
446 3488 520 3537 μου
543 3490 587 3537 ex
612 3464 701 3556 labe,
729 3479 794 3539 out
820 3465 1050 3566 ipooroetio:
1083 3469 1182 3545 alias
1206 3497 1396 3570 nunquam

318 3604 468 3653 carmem
492 3580 714 3656 mersisset
731 3583 809 3658 Dei
827 3583 956 3675 From,
977 3585 1044 3685 qui
1062 3613 1203 3662 omnem
1227 3614 1253 3662 α
1276 3588 1397 3664 Patre

312 3709 527 3795 potestatem
544 3698 693 3798 occepit.

246 3859 274 3920 l.
309 3855 360 3919 Er
381 3855 476 3921 telem
495 3856 543 3921 vel
563 3865 684 3923 tantam
705 3858 940 3945 dispositionem
960 3883 1023 3927 non
1042 3885 1098 3949 per
1117 3863 1244 3941 alienos,
1265 3866 1320 3929 sed
1342 3886 1398 3950 per
1412 3891 1491 3931 usu.

244 3979 319 4022 suns
338 3957 491 4023 efficiebat
514 3958 726 4025 conditiones:
750 3983 851 4048 neque
876 3984 931 4047 per
952 3985 990 4028 ee
1012 3985 1082 4049 quae
1104 3988 1145 4031 ex
1168 3966 1344 4053 ignorantie
1365 3976 1398 4033 et

295 4126 304 4159 ¹
323 4130 371 4176 τῶν
378 4131 570 4193 προβεβηκότων,
585 4132 733 4193 Pouucenn,
747 4133 797 4182 Pr·
848 4134 950 4198 ltpoum,
963 4154 991 4186 ss
1008 4138 1033 4187 in
1045 4139 1088 4188 the
1099 4139 1186 4188 earlier
1196 4140 1251 4190 edd.
1281 4141 1334 4189 The
1345 4142 1399 4194 An.

247 4221 314 4269 nris,
343 4209 449 4272 Jusrru,
479 4211 624 4272 Porumos,
650 4214 691 4262 tec.
717 4214 799 4278 might
848 4217 893 4265 has
904 4218 932 4278 it,
942 4219 1080 4284 indicatirrg
1091 4222 1134 4269 the
1145 4222 1251 4285 original
1259 4223 1368 4286 position
1376 4222 1404 4271 of

247 4292 277 4339 be
297 4292 447 4353 mentioned,
467 4293 489 4342 if
505 4295 525 4343 it
543 4311 607 4344 were
624 4297 705 4344 worth
726 4297 799 4346 while
848 4296 919 4360 ἤμην’.

247 4377 275 4421 to
286 4374 377 4422 hsznrd
391 4391 407 4423 n
417 4375 558 4438 conjecture
570 4391 637 4439 upon
647 4378 691 4427 the
701 4379 780 4441 point.
898 4380 909 4413 ³
925 4382 985 4431 Add
1000 4383 1066 4432 from
1087 4386 1131 4434 the
1147 4386 1238 4445 Greek,
1261 4394 1282 4435 et
1293 4387 1400 4450 prosun-

297 4453 586 4522 ¹Gnrnuiswrongin
599 4460 800 4524 sayingthetull
848 4461 954 4512 ditatem.
982 4463 1069 4512 Mese.
1082 4470 1223 4530 transposes
1236 4467 1279 4530 ὅν.
1292 4470 1400 4529 καίμῆκ.

248 4538 291 4586 the
308 4536 385 4588 MSS.
404 4539 491 4602 ignore
507 4541 550 4589 the
566 4542 684 4591 insertion
701 4543 759 4592 here
775 4544 804 4592 of
848 4560 876 4593 ss
887 4545 938 4593 nlso
951 4547 1026 4595 τλάτ,
1040 4549 1080 4596 καὶ
1090 4549 1147 4610 βάθ.
