<?xml version="1.0" encoding="UTF-8"?>
<!DOCTYPE html PUBLIC "-//W3C//DTD XHTML 1.0 Transitional//EN"
    "http://www.w3.org/TR/xhtml1/DTD/xhtml1-transitional.dtd">
<html xmlns="http://www.w3.org/1999/xhtml" xml:lang="en" lang="en">
 <head>
  <title>
</title>
<meta http-equiv="Content-Type" content="text/html;charset=utf-8" />
  <meta name='ocr-system' content='tesseract 3.04.00' />
  <meta name='ocr-capabilities' content='ocr_page ocr_carea ocr_par ocr_line ocrx_word'/>
</head>
<body>
  <div class='ocr_page' id='page_1' title='image "./sanctiirenaeiep00harvgoog_0232.png"; bbox 0 0 3000 4994; ppageno 0'>
   <div class='ocr_carea' id='block_1_1' title="bbox 540 353 1289 420">
    <p class='ocr_par' dir='ltr' id='par_1_1' title="bbox 540 353 1289 420">
     <span class='ocr_line' id='line_1_1' title="bbox 540 353 1289 420; baseline -0.003 -2"><span class='ocrx_word' id='word_1_1' title='bbox 540 367 739 420; x_wconf 81' lang='lat' dir='ltr'><strong>VIDEBANT</strong></span> <span class='ocrx_word' id='word_1_2' title='bbox 763 366 884 420; x_wconf 84' lang='lat' dir='ltr'><strong>DEUM.</strong></span> <span class='ocrx_word' id='word_1_3' title='bbox 1223 353 1289 417; x_wconf 81' lang='lat'><strong>221</strong></span> 
     </span>
    </p>
   </div>
   <div class='ocr_carea' id='block_1_2' title="bbox 137 520 1449 1330">
    <p class='ocr_par' dir='ltr' id='par_1_2' title="bbox 137 520 1437 918">
     <span class='ocr_line' id='line_1_2' title="bbox 137 520 1430 624; baseline 0.001 -38"><span class='ocrx_word' id='word_1_4' title='bbox 137 521 289 586; x_wconf 88' lang='lat' dir='ltr'><strong>adventus</strong></span> <span class='ocrx_word' id='word_1_5' title='bbox 315 521 443 587; x_wconf 89' lang='lat' dir='ltr'>Domini</span> <span class='ocrx_word' id='word_1_6' title='bbox 473 522 708 609; x_wconf 86' lang='lat' dir='ltr'><strong>significabatur</strong></span> <span class='ocrx_word' id='word_1_7' title='bbox 736 523 860 587; x_wconf 83' lang='lat' dir='ltr'><strong>futurus</strong></span> <span class='ocrx_word' id='word_1_8' title='bbox 886 529 957 607; x_wconf 91' lang='lat' dir='ltr'><strong>post</strong></span> <span class='ocrx_word' id='word_1_9' title='bbox 983 520 1067 587; x_wconf 88' lang='lat' dir='ltr'><strong>illam</strong></span> <span class='ocrx_word' id='word_1_10' title='bbox 1093 522 1195 610; x_wconf 91' lang='lat' dir='ltr'><strong>legem</strong></span> <span class='ocrx_word' id='word_1_11' title='bbox 1221 544 1358 624; x_wconf 87' lang='lat' dir='ltr'><strong>quae</strong></span> <span class='ocrx_word' id='word_1_12' title='bbox 1327 539 1380 579; x_wconf 73' lang='grc' dir='ltr'><strong>ιιι</strong></span> <span class='ocrx_word' id='word_1_13' title='bbox 1390 538 1430 579; x_wconf 76' lang='lat' dir='ltr'>w</span> 
     </span>
     <span class='ocr_line' id='line_1_3' title="bbox 138 623 1424 717; baseline -0.001 -28"><span class='ocrx_word' id='word_1_14' title='bbox 138 623 213 689; x_wconf 89' lang='lat' dir='ltr'><strong>data</strong></span> <span class='ocrx_word' id='word_1_15' title='bbox 234 632 283 689; x_wconf 88' lang='lat' dir='ltr'><strong>est</strong></span> <span class='ocrx_word' id='word_1_16' title='bbox 302 647 356 709; x_wconf 88' lang='lat' dir='ltr'><strong>per</strong></span> <span class='ocrx_word' id='word_1_17' title='bbox 379 625 533 711; x_wconf 85' lang='lat' dir='ltr'><strong>Moysem,</strong></span> <span class='ocrx_word' id='word_1_18' title='bbox 556 626 642 690; x_wconf 90' lang='lat' dir='ltr'><strong>mitis</strong></span> <span class='ocrx_word' id='word_1_19' title='bbox 663 624 1116 712; x_wconf 88' lang='lat' dir='ltr'><strong>ettranquillus‚&#39;1nquonec</strong></span> <span class='ocrx_word' id='word_1_20' title='bbox 1138 625 1291 691; x_wconf 88' lang='lat' dir='ltr'><strong>calamum</strong></span> <span class='ocrx_word' id='word_1_21' title='bbox 1329 588 1431 717; x_wconf 44' lang='lat'><strong>⁰31¹}-</strong></span> 
     </span>
     <span class='ocr_line' id='line_1_4' title="bbox 138 723 1442 816; baseline 0.002 -25"><span class='ocrx_word' id='word_1_22' title='bbox 138 735 266 814; x_wconf 80' lang='lat' dir='ltr'><strong>quassat</strong></span> <span class='ocrx_word' id='word_1_23' title='bbox 267 750 319 792; x_wconf 92' lang='lat' dir='ltr'><strong>um</strong></span> <span class='ocrx_word' id='word_1_24' title='bbox 335 727 496 815; x_wconf 84' lang='lat' dir='ltr'><strong>confregit,</strong></span> <span class='ocrx_word' id='word_1_25' title='bbox 512 750 569 793; x_wconf 90' lang='lat' dir='ltr'><strong>nec</strong></span> <span class='ocrx_word' id='word_1_26' title='bbox 583 726 681 792; x_wconf 91' lang='lat' dir='ltr'><strong>linum</strong></span> <span class='ocrx_word' id='word_1_27' title='bbox 695 728 852 816; x_wconf 75' lang='lat' dir='ltr'><strong>fumigans</strong></span> <span class='ocrx_word' id='word_1_28' title='bbox 867 728 1028 794; x_wconf 82' lang='lat' dir='ltr'><strong>exstinxit.</strong></span> <span class='ocrx_word' id='word_1_29' title='bbox 1061 728 1292 794; x_wconf 86' lang='lat' dir='ltr'><strong>Ostendebatur</strong></span> <span class='ocrx_word' id='word_1_30' title='bbox 1314 723 1442 810; x_wconf 52' lang='lat' dir='ltr'><strong>“tffill</strong></span> 
     </span>
     <span class='ocr_line' id='line_1_5' title="bbox 137 829 1347 938; baseline 0.001 -43"><span class='ocrx_word' id='word_1_31' title='bbox 137 838 243 895; x_wconf 90' lang='lat' dir='ltr'><strong>autem</strong></span> <span class='ocrx_word' id='word_1_32' title='bbox 264 841 297 895; x_wconf 92' lang='lat' dir='ltr'><strong>et</strong></span> <span class='ocrx_word' id='word_1_33' title='bbox 311 829 398 918; x_wconf 89' lang='lat' dir='ltr'><strong>regni</strong></span> <span class='ocrx_word' id='word_1_34' title='bbox 412 831 481 916; x_wconf 89' lang='lat' dir='ltr'><strong>ejus</strong></span> <span class='ocrx_word' id='word_1_35' title='bbox 500 832 586 897; x_wconf 86' lang='lat' dir='ltr'><strong>mitis</strong></span> <span class='ocrx_word' id='word_1_36' title='bbox 601 839 633 896; x_wconf 93' lang='lat' dir='ltr'><strong>et</strong></span> <span class='ocrx_word' id='word_1_37' title='bbox 647 831 778 918; x_wconf 86' lang='lat' dir='ltr'><strong>pacifica</strong></span> <span class='ocrx_word' id='word_1_38' title='bbox 796 831 957 916; x_wconf 85' lang='lat' dir='ltr'><strong>requietio</strong></span> <span class='ocrx_word' id='word_1_39' title='bbox 1004 831 1085 897; x_wconf 87' lang='lat' dir='ltr'><strong>Post</strong></span> <span class='ocrx_word' id='word_1_40' title='bbox 1104 833 1188 897; x_wconf 89' lang='lat' dir='ltr'><strong>enirn</strong></span> <span class='ocrx_word' id='word_1_41' title='bbox 1202 830 1347 938; x_wconf 56' lang='lat' dir='ltr'><strong>spiri-m</strong></span> 
     </span>
    </p>

    <p class='ocr_par' dir='ltr' id='par_1_3' title="bbox 138 926 1449 1124">
     <span class='ocr_line' id='line_1_6' title="bbox 138 926 1449 1052; baseline 0.004 -58"><span class='ocrx_word' id='word_1_42' title='bbox 138 940 206 996; x_wconf 91' lang='lat' dir='ltr'><strong>tum</strong></span> <span class='ocrx_word' id='word_1_43' title='bbox 228 931 280 1018; x_wconf 95' lang='lat' dir='ltr'><strong>qui</strong></span> <span class='ocrx_word' id='word_1_44' title='bbox 303 933 435 997; x_wconf 87' lang='lat' dir='ltr'><strong>conterit</strong></span> <span class='ocrx_word' id='word_1_45' title='bbox 456 941 589 1012; x_wconf 76' lang='lat' dir='ltr'><strong>montes,</strong></span> <span class='ocrx_word' id='word_1_46' title='bbox 613 941 646 998; x_wconf 91' lang='lat' dir='ltr'><strong>et</strong></span> <span class='ocrx_word' id='word_1_47' title='bbox 667 940 739 1052; x_wconf 88' lang='lat' dir='ltr'><strong>post</strong></span> <span class='ocrx_word' id='word_1_48' title='bbox 760 941 851 998; x_wconf 87' lang='lat' dir='ltr'><strong>terrae</strong></span> <span class='ocrx_word' id='word_1_49' title='bbox 874 942 1004 1012; x_wconf 85' lang='lat' dir='ltr'><strong>motum,</strong></span> <span class='ocrx_word' id='word_1_50' title='bbox 1027 943 1061 1000; x_wconf 87' lang='lat' dir='ltr'><strong>et</strong></span> <span class='ocrx_word' id='word_1_51' title='bbox 1082 944 1155 1021; x_wconf 90' lang='lat' dir='ltr'><strong>post</strong></span> <span class='ocrx_word' id='word_1_52' title='bbox 1175 899 1449 1031; x_wconf 49' lang='lat' dir='ltr'><strong>ignemntlmiflss&#39;</strong></span> 
     </span>
     <span class='ocr_line' id='line_1_7' title="bbox 139 1034 1292 1124; baseline 0.004 -26"><span class='ocrx_word' id='word_1_53' title='bbox 139 1034 305 1119; x_wconf 88' lang='lat' dir='ltr'><strong>tranquilla</strong></span> <span class='ocrx_word' id='word_1_54' title='bbox 326 1043 359 1099; x_wconf 92' lang='lat' dir='ltr'><strong>et</strong></span> <span class='ocrx_word' id='word_1_55' title='bbox 384 1035 513 1121; x_wconf 88' lang='lat' dir='ltr'><strong>pacifica</strong></span> <span class='ocrx_word' id='word_1_56' title='bbox 538 1037 626 1123; x_wconf 90' lang='lat' dir='ltr'><strong>regni</strong></span> <span class='ocrx_word' id='word_1_57' title='bbox 654 1036 723 1122; x_wconf 90' lang='lat' dir='ltr'><strong>ejus</strong></span> <span class='ocrx_word' id='word_1_58' title='bbox 750 1036 920 1101; x_wconf 89' lang='lat' dir='ltr'><strong>adveniunt</strong></span> <span class='ocrx_word' id='word_1_59' title='bbox 945 1037 1133 1124; x_wconf 91' lang='lat' dir='ltr'><strong>tempora,</strong></span> <span class='ocrx_word' id='word_1_60' title='bbox 1123 1037 1292 1124; x_wconf 78' lang='lat' dir='ltr'><strong>inquibus</strong></span> 
     </span>
    </p>

    <p class='ocr_par' dir='ltr' id='par_1_4' title="bbox 139 1137 1292 1330">
     <span class='ocr_line' id='line_1_8' title="bbox 139 1137 1290 1228; baseline 0.002 -26"><span class='ocrx_word' id='word_1_61' title='bbox 139 1159 212 1202; x_wconf 92' lang='lat' dir='ltr'><strong>cum</strong></span> <span class='ocrx_word' id='word_1_62' title='bbox 231 1159 315 1202; x_wconf 88' lang='lat' dir='ltr'><strong>omnr</strong></span> <span class='ocrx_word' id='word_1_63' title='bbox 306 1137 558 1225; x_wconf 73' lang='lat' dir='ltr'><strong>tranquillitate</strong></span> <span class='ocrx_word' id='word_1_64' title='bbox 573 1138 710 1225; x_wconf 89' lang='lat' dir='ltr'><strong>Spiritus</strong></span> <span class='ocrx_word' id='word_1_65' title='bbox 727 1138 788 1204; x_wconf 89' lang='lat' dir='ltr'><strong>Dei</strong></span> <span class='ocrx_word' id='word_1_66' title='bbox 807 1139 941 1205; x_wconf 89' lang='lat' dir='ltr'><strong>vivificat</strong></span> <span class='ocrx_word' id='word_1_67' title='bbox 958 1148 991 1205; x_wconf 87' lang='lat' dir='ltr'><strong>et</strong></span> <span class='ocrx_word' id='word_1_68' title='bbox 1008 1147 1103 1228; x_wconf 90' lang='lat' dir='ltr'><strong>auget</strong></span> <span class='ocrx_word' id='word_1_69' title='bbox 1121 1139 1290 1206; x_wconf 90' lang='lat' dir='ltr'><strong>hominem.</strong></span> 
     </span>
     <span class='ocr_line' id='line_1_9' title="bbox 142 1240 1292 1330; baseline 0.003 -26"><span class='ocrx_word' id='word_1_70' title='bbox 142 1240 343 1305; x_wconf 89' lang='lat' dir='ltr'><strong>Manifestius</strong></span> <span class='ocrx_word' id='word_1_71' title='bbox 356 1249 462 1306; x_wconf 91' lang='lat' dir='ltr'><strong>autem</strong></span> <span class='ocrx_word' id='word_1_72' title='bbox 473 1242 575 1307; x_wconf 87' lang='lat' dir='ltr'><strong>adhuc</strong></span> <span class='ocrx_word' id='word_1_73' title='bbox 592 1246 640 1307; x_wconf 87' lang='lat' dir='ltr'><strong>¹ot</strong></span> <span class='ocrx_word' id='word_1_74' title='bbox 653 1265 709 1329; x_wconf 89' lang='lat' dir='ltr'><strong>per</strong></span> <span class='ocrx_word' id='word_1_75' title='bbox 729 1242 924 1308; x_wconf 83' lang='lat' dir='ltr'><strong>Ezechielem</strong></span> <span class='ocrx_word' id='word_1_76' title='bbox 938 1243 1056 1310; x_wconf 87' lang='lat' dir='ltr'><strong>sactum</strong></span> <span class='ocrx_word' id='word_1_77' title='bbox 1071 1251 1130 1323; x_wconf 88' lang='lat' dir='ltr'><strong>est,</strong></span> <span class='ocrx_word' id='word_1_78' title='bbox 1146 1243 1292 1330; x_wconf 90' lang='lat' dir='ltr'><strong>quoniam</strong></span> 
     </span>
    </p>
   </div>
   <div class='ocr_carea' id='block_1_3' title="bbox 75 1347 1444 3806">
    <p class='ocr_par' dir='ltr' id='par_1_5' title="bbox 75 1347 1444 3806">
     <span class='ocr_line' id='line_1_10' title="bbox 139 1347 1292 1436; baseline 0.003 -26"><span class='ocrx_word' id='word_1_79' title='bbox 139 1367 180 1411; x_wconf 90' lang='lat' dir='ltr'><strong>ex</strong></span> <span class='ocrx_word' id='word_1_80' title='bbox 206 1355 293 1432; x_wconf 88' lang='lat' dir='ltr'><strong>parte</strong></span> <span class='ocrx_word' id='word_1_81' title='bbox 318 1347 536 1433; x_wconf 88' lang='lat' dir='ltr'><strong>dispositiones</strong></span> <span class='ocrx_word' id='word_1_82' title='bbox 562 1348 634 1427; x_wconf 92' lang='lat' dir='ltr'><strong>Dei,</strong></span> <span class='ocrx_word' id='word_1_83' title='bbox 664 1349 720 1414; x_wconf 86' lang='lat' dir='ltr'><strong>sed</strong></span> <span class='ocrx_word' id='word_1_84' title='bbox 742 1371 806 1415; x_wconf 91' lang='lat' dir='ltr'><strong>non</strong></span> <span class='ocrx_word' id='word_1_85' title='bbox 831 1348 933 1434; x_wconf 93' lang='lat' dir='ltr'><strong>ipsum</strong></span> <span class='ocrx_word' id='word_1_86' title='bbox 958 1350 1106 1416; x_wconf 87' lang='lat' dir='ltr'><strong>videbant</strong></span> <span class='ocrx_word' id='word_1_87' title='bbox 1131 1350 1292 1436; x_wconf 83' lang='lat' dir='ltr'><strong>prophetae</strong></span> 
     </span>
     <span class='ocr_line' id='line_1_11' title="bbox 140 1449 1420 1534; baseline 0.005 -22.081"><span class='ocrx_word' id='word_1_88' title='bbox 140 1449 279 1534; x_wconf 86' lang='lat' dir='ltr'><strong>¹proprie</strong></span> <span class='ocrx_word' id='word_1_89' title='bbox 295 1450 409 1516; x_wconf 90' lang='lat' dir='ltr'><strong>Deum.</strong></span> <span class='ocrx_word' id='word_1_90' title='bbox 455 1451 519 1517; x_wconf 91' lang='lat' dir='ltr'><strong>Hic</strong></span> <span class='ocrx_word' id='word_1_91' title='bbox 538 1452 622 1516; x_wconf 89' lang='lat' dir='ltr'><strong>enim</strong></span> <span class='ocrx_word' id='word_1_92' title='bbox 637 1452 699 1518; x_wconf 91' lang='lat' dir='ltr'><strong>Dei</strong></span> <span class='ocrx_word' id='word_1_93' title='bbox 719 1474 792 1517; x_wconf 90' lang='lat' dir='ltr'><strong>cum</strong></span> <span class='ocrx_word' id='word_1_94' title='bbox 809 1452 982 1518; x_wconf 86' lang='lat' dir='ltr'><strong>vidisset&#39;</strong></span> <span class='ocrx_word' id='word_1_95' title='bbox 953 1454 1115 1532; x_wconf 78' lang='lat' dir='ltr'><strong>visionem,</strong></span> <span class='ocrx_word' id='word_1_96' title='bbox 1132 1462 1164 1519; x_wconf 90' lang='lat' dir='ltr'><strong>et</strong></span> <span class='ocrx_word' id='word_1_97' title='bbox 1183 1453 1290 1519; x_wconf 87' lang='lat' dir='ltr'><strong>choru-</strong></span> <span class='ocrx_word' id='word_1_98' title='bbox 1304 1462 1420 1504; x_wconf 62' lang='lat' dir='ltr'><strong>MN</strong></span> 
     </span>
     <span class='ocr_line' id='line_1_12' title="bbox 139 1520 1339 1642; baseline 0.001 -26"><span class='ocrx_word' id='word_1_99' title='bbox 139 1552 213 1631; x_wconf 93' lang='lat' dir='ltr'><strong>bim,</strong></span> <span class='ocrx_word' id='word_1_100' title='bbox 239 1562 271 1617; x_wconf 94' lang='lat' dir='ltr'><strong>et</strong></span> <span class='ocrx_word' id='word_1_101' title='bbox 293 1561 378 1619; x_wconf 87' lang='lat' dir='ltr'><strong>rotas</strong></span> <span class='ocrx_word' id='word_1_102' title='bbox 403 1577 520 1633; x_wconf 91' lang='lat' dir='ltr'><strong>eorum,</strong></span> <span class='ocrx_word' id='word_1_103' title='bbox 544 1564 577 1621; x_wconf 86' lang='lat' dir='ltr'><strong>et</strong></span> <span class='ocrx_word' id='word_1_104' title='bbox 603 1555 752 1621; x_wconf 75' lang='lat' dir='ltr'><strong>universae</strong></span> <span class='ocrx_word' id='word_1_105' title='bbox 774 1555 999 1642; x_wconf 84' lang='lat' dir='ltr'><strong>progressionis</strong></span> <span class='ocrx_word' id='word_1_106' title='bbox 1021 1557 1089 1642; x_wconf 91' lang='lat' dir='ltr'><strong>ejus</strong></span> <span class='ocrx_word' id='word_1_107' title='bbox 1110 1520 1339 1641; x_wconf 66' lang='lat' dir='ltr'><strong>mysterium⁸eq</strong></span> 
     </span>
     <span class='ocr_line' id='line_1_13' title="bbox 140 1658 1293 1745; baseline 0.001 -23"><span class='ocrx_word' id='word_1_108' title='bbox 140 1679 212 1722; x_wconf 94' lang='lat' dir='ltr'><strong>cum</strong></span> <span class='ocrx_word' id='word_1_109' title='bbox 230 1658 397 1737; x_wconf 85' lang='lat' dir='ltr'><strong>retulisset,</strong></span> <span class='ocrx_word' id='word_1_110' title='bbox 412 1667 444 1725; x_wconf 95' lang='lat' dir='ltr'><strong>et</strong></span> <span class='ocrx_word' id='word_1_111' title='bbox 462 1660 696 1726; x_wconf 90' lang='lat' dir='ltr'><strong>similitudinem</strong></span> <span class='ocrx_word' id='word_1_112' title='bbox 710 1659 814 1724; x_wconf 87' lang='lat' dir='ltr'><strong>throni</strong></span> <span class='ocrx_word' id='word_1_113' title='bbox 835 1682 906 1724; x_wconf 91' lang='lat' dir='ltr'><strong>cum</strong></span> <span class='ocrx_word' id='word_1_114' title='bbox 920 1659 1049 1725; x_wconf 88' lang='lat' dir='ltr'><strong>vidisset</strong></span> <span class='ocrx_word' id='word_1_115' title='bbox 1068 1681 1161 1745; x_wconf 89' lang='lat' dir='ltr'><strong>super</strong></span> <span class='ocrx_word' id='word_1_116' title='bbox 1175 1681 1239 1737; x_wconf 92' lang='lat' dir='ltr'><strong>eos,</strong></span> <span class='ocrx_word' id='word_1_117' title='bbox 1260 1666 1293 1723; x_wconf 88' lang='lat' dir='ltr'><strong>et</strong></span> 
     </span>
     <span class='ocr_line' id='line_1_14' title="bbox 139 1761 1294 1850; baseline 0.001 -24"><span class='ocrx_word' id='word_1_118' title='bbox 139 1782 233 1847; x_wconf 89' lang='lat' dir='ltr'><strong>super</strong></span> <span class='ocrx_word' id='word_1_119' title='bbox 246 1761 392 1827; x_wconf 86' lang='lat' dir='ltr'><strong>thronum</strong></span> <span class='ocrx_word' id='word_1_120' title='bbox 406 1762 639 1828; x_wconf 91' lang='lat' dir='ltr'><strong>similitudinem</strong></span> <span class='ocrx_word' id='word_1_121' title='bbox 654 1763 743 1850; x_wconf 88' lang='lat' dir='ltr'><strong>quasi</strong></span> <span class='ocrx_word' id='word_1_122' title='bbox 760 1763 884 1850; x_wconf 86' lang='lat' dir='ltr'><strong>¹figurae</strong></span> <span class='ocrx_word' id='word_1_123' title='bbox 896 1762 1040 1840; x_wconf 88' lang='lat' dir='ltr'><strong>hominis,</strong></span> <span class='ocrx_word' id='word_1_124' title='bbox 1056 1772 1089 1829; x_wconf 91' lang='lat' dir='ltr'><strong>et</strong></span> <span class='ocrx_word' id='word_1_125' title='bbox 1100 1762 1154 1828; x_wconf 91' lang='lat' dir='ltr'><strong>illa</strong></span> <span class='ocrx_word' id='word_1_126' title='bbox 1168 1763 1294 1849; x_wconf 89' lang='lat' dir='ltr'><strong>quidem</strong></span> 
     </span>
     <span class='ocr_line' id='line_1_15' title="bbox 140 1864 1294 1953; baseline 0 -25"><span class='ocrx_word' id='word_1_127' title='bbox 140 1886 209 1950; x_wconf 90' lang='lat' dir='ltr'><strong>quae</strong></span> <span class='ocrx_word' id='word_1_128' title='bbox 224 1873 313 1930; x_wconf 91' lang='lat' dir='ltr'><strong>erant</strong></span> <span class='ocrx_word' id='word_1_129' title='bbox 332 1886 425 1952; x_wconf 89' lang='lat' dir='ltr'><strong>super</strong></span> <span class='ocrx_word' id='word_1_130' title='bbox 445 1865 566 1930; x_wconf 92' lang='lat' dir='ltr'><strong>lumbos</strong></span> <span class='ocrx_word' id='word_1_131' title='bbox 584 1865 662 1952; x_wconf 90' lang='lat' dir='ltr'><strong>ejus,</strong></span> <span class='ocrx_word' id='word_1_132' title='bbox 683 1864 771 1951; x_wconf 90' lang='lat' dir='ltr'><strong>quasi</strong></span> <span class='ocrx_word' id='word_1_133' title='bbox 790 1866 922 1952; x_wconf 88' lang='lat' dir='ltr'><strong>liguram</strong></span> <span class='ocrx_word' id='word_1_134' title='bbox 941 1864 1058 1943; x_wconf 81' lang='lat' dir='ltr'><strong>electri,</strong></span> <span class='ocrx_word' id='word_1_135' title='bbox 1080 1870 1167 1953; x_wconf 78' lang='lat' dir='ltr'><strong>²quae</strong></span> <span class='ocrx_word' id='word_1_136' title='bbox 1186 1872 1294 1930; x_wconf 91' lang='lat' dir='ltr'><strong>autem</strong></span> 
     </span>
     <span class='ocr_line' id='line_1_16' title="bbox 139 1966 1294 2056; baseline 0.003 -24"><span class='ocrx_word' id='word_1_137' title='bbox 139 1966 294 2046; x_wconf 89' lang='lat' dir='ltr'><strong>deorsum,</strong></span> <span class='ocrx_word' id='word_1_138' title='bbox 310 1968 398 2055; x_wconf 87' lang='lat' dir='ltr'><strong>quasi</strong></span> <span class='ocrx_word' id='word_1_139' title='bbox 416 1968 567 2032; x_wconf 90' lang='lat' dir='ltr'><strong>visionem</strong></span> <span class='ocrx_word' id='word_1_140' title='bbox 586 1967 678 2056; x_wconf 81' lang='lat' dir='ltr'><strong>ignis,</strong></span> <span class='ocrx_word' id='word_1_141' title='bbox 694 1976 726 2033; x_wconf 86' lang='lat' dir='ltr'><strong>et</strong></span> <span class='ocrx_word' id='word_1_142' title='bbox 746 1967 896 2055; x_wconf 89' lang='lat' dir='ltr'><strong>reliquam</strong></span> <span class='ocrx_word' id='word_1_143' title='bbox 915 1967 1091 2033; x_wconf 90' lang='lat' dir='ltr'><strong>universam</strong></span> <span class='ocrx_word' id='word_1_144' title='bbox 1110 1969 1294 2037; x_wconf 87' lang='lat' dir='ltr'><strong>thronorum</strong></span> 
     </span>
     <span class='ocr_line' id='line_1_17' title="bbox 140 2068 1294 2159; baseline 0.005 -27"><span class='ocrx_word' id='word_1_145' title='bbox 140 2068 289 2135; x_wconf 86' lang='lat' dir='ltr'><strong>visionem</strong></span> <span class='ocrx_word' id='word_1_146' title='bbox 311 2072 523 2149; x_wconf 84' lang='lat' dir='ltr'><strong>manifestans,</strong></span> <span class='ocrx_word' id='word_1_147' title='bbox 546 2093 585 2136; x_wconf 91' lang='lat' dir='ltr'><strong>ne</strong></span> <span class='ocrx_word' id='word_1_148' title='bbox 607 2070 677 2156; x_wconf 90' lang='lat' dir='ltr'><strong>quis</strong></span> <span class='ocrx_word' id='word_1_149' title='bbox 701 2078 827 2157; x_wconf 88' lang='lat' dir='ltr'><strong>putaret</strong></span> <span class='ocrx_word' id='word_1_150' title='bbox 849 2071 930 2135; x_wconf 85' lang='lat' dir='ltr'><strong>lorte</strong></span> <span class='ocrx_word' id='word_1_151' title='bbox 955 2092 1026 2136; x_wconf 91' lang='lat' dir='ltr'><strong>eum</strong></span> <span class='ocrx_word' id='word_1_152' title='bbox 1045 2071 1078 2136; x_wconf 92' lang='lat' dir='ltr'><strong>in</strong></span> <span class='ocrx_word' id='word_1_153' title='bbox 1100 2071 1149 2138; x_wconf 88' lang='lat' dir='ltr'><strong>his</strong></span> <span class='ocrx_word' id='word_1_154' title='bbox 1171 2073 1294 2159; x_wconf 88' lang='lat' dir='ltr'><strong>proprie</strong></span> 
     </span>
     <span class='ocr_line' id='line_1_18' title="bbox 75 2169 1439 2258; baseline -0.001 -25"><span class='ocrx_word' id='word_1_155' title='bbox 75 2194 119 2233; x_wconf 79' lang='lat' dir='ltr'><strong>aar</strong></span> <span class='ocrx_word' id='word_1_156' title='bbox 140 2169 253 2238; x_wconf 91' lang='lat' dir='ltr'><strong>vidisse</strong></span> <span class='ocrx_word' id='word_1_157' title='bbox 268 2172 382 2251; x_wconf 91' lang='lat' dir='ltr'><strong>Deum,</strong></span> <span class='ocrx_word' id='word_1_158' title='bbox 398 2172 521 2237; x_wconf 90' lang='lat' dir='ltr'><strong>intulit:</strong></span> <span class='ocrx_word' id='word_1_159' title='bbox 546 2172 623 2236; x_wconf 82' lang='lat' dir='ltr'><strong>Horo</strong></span> <span class='ocrx_word' id='word_1_160' title='bbox 638 2173 715 2236; x_wconf 80' lang='lat' dir='ltr'><strong>eicio</strong></span> <span class='ocrx_word' id='word_1_161' title='bbox 728 2173 942 2239; x_wconf 77' lang='lat' dir='ltr'><strong>similit-udicis</strong></span> <span class='ocrx_word' id='word_1_162' title='bbox 951 2171 1062 2258; x_wconf 68' lang='lat' dir='ltr'><strong>plorv&#39;rc</strong></span> <span class='ocrx_word' id='word_1_163' title='bbox 1074 2172 1213 2240; x_wconf 76' lang='lat' dir='ltr'><strong>Domtat.</strong></span> <span class='ocrx_word' id='word_1_164' title='bbox 1307 2193 1439 2235; x_wconf 66' lang='lat' dir='ltr'><strong>namur.</strong></span> 
     </span>
     <span class='ocr_line' id='line_1_19' title="bbox 208 2274 1294 2364; baseline 0.003 -24"><span class='ocrx_word' id='word_1_165' title='bbox 208 2280 259 2341; x_wconf 90' lang='grc'><strong>10.</strong></span> <span class='ocrx_word' id='word_1_166' title='bbox 306 2276 408 2364; x_wconf 87' lang='lat' dir='ltr'><strong>Igitur</strong></span> <span class='ocrx_word' id='word_1_167' title='bbox 431 2274 458 2341; x_wconf 94' lang='lat' dir='ltr'><strong>si</strong></span> <span class='ocrx_word' id='word_1_168' title='bbox 484 2298 584 2363; x_wconf 90' lang='lat' dir='ltr'><strong>neque</strong></span> <span class='ocrx_word' id='word_1_169' title='bbox 613 2276 743 2362; x_wconf 85' lang='lat' dir='ltr'><strong>Moyses</strong></span> <span class='ocrx_word' id='word_1_170' title='bbox 765 2276 842 2341; x_wconf 92' lang='lat' dir='ltr'><strong>vidit</strong></span> <span class='ocrx_word' id='word_1_171' title='bbox 866 2276 980 2354; x_wconf 92' lang='lat' dir='ltr'><strong>Deum,</strong></span> <span class='ocrx_word' id='word_1_172' title='bbox 1004 2298 1063 2342; x_wconf 88' lang='lat' dir='ltr'><strong>neo</strong></span> <span class='ocrx_word' id='word_1_173' title='bbox 1088 2276 1211 2356; x_wconf 81' lang='lat' dir='ltr'><strong>Helias,</strong></span> <span class='ocrx_word' id='word_1_174' title='bbox 1236 2300 1294 2344; x_wconf 91' lang='lat' dir='ltr'><strong>nec</strong></span> 
     </span>
     <span class='ocr_line' id='line_1_20' title="bbox 142 2377 1295 2465; baseline 0.001 -23"><span class='ocrx_word' id='word_1_175' title='bbox 142 2377 298 2457; x_wconf 82' lang='lat' dir='ltr'><strong>Ezechiel,</strong></span> <span class='ocrx_word' id='word_1_176' title='bbox 323 2379 375 2464; x_wconf 96' lang='lat' dir='ltr'><strong>qui</strong></span> <span class='ocrx_word' id='word_1_177' title='bbox 397 2378 495 2443; x_wconf 87' lang='lat' dir='ltr'><strong>multa</strong></span> <span class='ocrx_word' id='word_1_178' title='bbox 518 2378 556 2443; x_wconf 89' lang='lat' dir='ltr'><strong>de</strong></span> <span class='ocrx_word' id='word_1_179' title='bbox 580 2378 759 2444; x_wconf 89' lang='lat' dir='ltr'><strong>coelestibus</strong></span> <span class='ocrx_word' id='word_1_180' title='bbox 783 2377 940 2452; x_wconf 79' lang='lat' dir='ltr'><strong>viderunt:</strong></span> <span class='ocrx_word' id='word_1_181' title='bbox 963 2400 1032 2465; x_wconf 86' lang='lat' dir='ltr'><strong>quae</strong></span> <span class='ocrx_word' id='word_1_182' title='bbox 1054 2387 1161 2445; x_wconf 90' lang='lat' dir='ltr'><strong>autem</strong></span> <span class='ocrx_word' id='word_1_183' title='bbox 1182 2380 1222 2443; x_wconf 89' lang='lat' dir='ltr'><strong>ab</strong></span> <span class='ocrx_word' id='word_1_184' title='bbox 1245 2379 1295 2444; x_wconf 91' lang='lat' dir='ltr'><strong>his</strong></span> 
     </span>
     <span class='ocr_line' id='line_1_21' title="bbox 141 2479 1295 2566; baseline 0.002 -22"><span class='ocrx_word' id='word_1_185' title='bbox 141 2480 334 2560; x_wconf 87' lang='lat' dir='ltr'><strong>videbantur,</strong></span> <span class='ocrx_word' id='word_1_186' title='bbox 360 2490 449 2547; x_wconf 89' lang='lat' dir='ltr'><strong>erant</strong></span> <span class='ocrx_word' id='word_1_187' title='bbox 477 2480 697 2546; x_wconf 89' lang='lat' dir='ltr'><strong>similitudines</strong></span> <span class='ocrx_word' id='word_1_188' title='bbox 726 2479 878 2545; x_wconf 80' lang='lat' dir='ltr'><strong>claritatis</strong></span> <span class='ocrx_word' id='word_1_189' title='bbox 902 2479 1042 2559; x_wconf 89' lang='lat' dir='ltr'><strong>Domini,</strong></span> <span class='ocrx_word' id='word_1_190' title='bbox 1066 2489 1098 2544; x_wconf 91' lang='lat' dir='ltr'><strong>et</strong></span> <span class='ocrx_word' id='word_1_191' title='bbox 1124 2481 1295 2566; x_wconf 80' lang='lat' dir='ltr'><strong>prophetiae</strong></span> 
     </span>
     <span class='ocr_line' id='line_1_22' title="bbox 141 2582 1295 2669; baseline 0 -19"><span class='ocrx_word' id='word_1_192' title='bbox 141 2585 328 2650; x_wconf 80' lang='lat' dir='ltr'><strong>futurorum:</strong></span> <span class='ocrx_word' id='word_1_193' title='bbox 351 2585 549 2650; x_wconf 78' lang='lat' dir='ltr'><strong>manifestum</strong></span> <span class='ocrx_word' id='word_1_194' title='bbox 568 2591 627 2661; x_wconf 91' lang='lat' dir='ltr'><strong>est,</strong></span> <span class='ocrx_word' id='word_1_195' title='bbox 648 2582 794 2669; x_wconf 89' lang='lat' dir='ltr'><strong>quoniam</strong></span> <span class='ocrx_word' id='word_1_196' title='bbox 810 2582 908 2647; x_wconf 89' lang='lat' dir='ltr'><strong>Pater</strong></span> <span class='ocrx_word' id='word_1_197' title='bbox 927 2582 1053 2669; x_wconf 91' lang='lat' dir='ltr'><strong>quidem</strong></span> <span class='ocrx_word' id='word_1_198' title='bbox 1068 2583 1240 2663; x_wconf 88' lang='lat' dir='ltr'><strong>invisibilis,</strong></span> <span class='ocrx_word' id='word_1_199' title='bbox 1256 2586 1295 2650; x_wconf 90' lang='lat' dir='ltr'><strong>de</strong></span> 
     </span>
     <span class='ocr_line' id='line_1_23' title="bbox 142 2683 1418 2771; baseline -0.002 -21"><span class='ocrx_word' id='word_1_200' title='bbox 142 2708 203 2771; x_wconf 92' lang='lat' dir='ltr'><strong>quo</strong></span> <span class='ocrx_word' id='word_1_201' title='bbox 218 2696 250 2752; x_wconf 91' lang='lat' dir='ltr'><strong>et</strong></span> <span class='ocrx_word' id='word_1_202' title='bbox 264 2687 418 2752; x_wconf 92' lang='lat' dir='ltr'><strong>Dominus</strong></span> <span class='ocrx_word' id='word_1_203' title='bbox 432 2687 525 2751; x_wconf 89' lang='lat' dir='ltr'><strong>dixit:</strong></span> <span class='ocrx_word' id='word_1_204' title='bbox 543 2686 643 2750; x_wconf 76' lang='lat' dir='ltr'><strong>Deum</strong></span> <span class='ocrx_word' id='word_1_205' title='bbox 658 2707 742 2750; x_wconf 79' lang='lat' dir='ltr'><strong>aomo</strong></span> <span class='ocrx_word' id='word_1_206' title='bbox 756 2685 835 2750; x_wconf 80' lang='lat' dir='ltr'><strong>cidit</strong></span> <span class='ocrx_word' id='word_1_207' title='bbox 850 2705 994 2771; x_wconf 74' lang='lat' dir='ltr'><strong>uoqtrom.</strong></span> <span class='ocrx_word' id='word_1_208' title='bbox 1032 2683 1174 2750; x_wconf 89' lang='lat' dir='ltr'><strong>Verbum</strong></span> <span class='ocrx_word' id='word_1_209' title='bbox 1188 2695 1295 2752; x_wconf 83' lang='lat' dir='ltr'><strong>autem</strong></span> <span class='ocrx_word' id='word_1_210' title='bbox 1307 2707 1357 2747; x_wconf 79' lang='lat' dir='ltr'><strong>roa.</strong></span> <span class='ocrx_word' id='word_1_211' title='bbox 1366 2707 1379 2747; x_wconf 89' lang='grc' dir='ltr'><strong>ι.</strong></span> <span class='ocrx_word' id='word_1_212' title='bbox 1390 2707 1418 2747; x_wconf 84' lang='lat' dir='ltr'><strong>ra</strong></span> 
     </span>
     <span class='ocr_line' id='line_1_24' title="bbox 141 2787 1294 2878; baseline 0.001 -25"><span class='ocrx_word' id='word_1_213' title='bbox 141 2791 218 2875; x_wconf 87' lang='lat' dir='ltr'><strong>ejus,</strong></span> <span class='ocrx_word' id='word_1_214' title='bbox 245 2791 503 2878; x_wconf 90' lang='lat' dir='ltr'><strong>quemadmodum</strong></span> <span class='ocrx_word' id='word_1_215' title='bbox 527 2790 664 2856; x_wconf 84' lang='lat' dir='ltr'><strong>³volebat</strong></span> <span class='ocrx_word' id='word_1_216' title='bbox 688 2789 765 2876; x_wconf 88' lang='lat' dir='ltr'><strong>ipse,</strong></span> <span class='ocrx_word' id='word_1_217' title='bbox 795 2797 828 2854; x_wconf 93' lang='lat' dir='ltr'><strong>et</strong></span> <span class='ocrx_word' id='word_1_218' title='bbox 854 2789 895 2854; x_wconf 94' lang='lat' dir='ltr'><strong>ad</strong></span> <span class='ocrx_word' id='word_1_219' title='bbox 922 2787 1088 2853; x_wconf 82' lang='lat' dir='ltr'><strong>utilitatem</strong></span> <span class='ocrx_word' id='word_1_220' title='bbox 1113 2789 1294 2870; x_wconf 90' lang='lat' dir='ltr'><strong>videntium,</strong></span> 
     </span>
     <span class='ocr_line' id='line_1_25' title="bbox 141 2893 1296 2979; baseline -0.001 -20"><span class='ocrx_word' id='word_1_221' title='bbox 141 2895 314 2961; x_wconf 89' lang='lat' dir='ltr'><strong>claritatem</strong></span> <span class='ocrx_word' id='word_1_222' title='bbox 334 2898 528 2961; x_wconf 80' lang='lat' dir='ltr'><strong>monstrabat</strong></span> <span class='ocrx_word' id='word_1_223' title='bbox 543 2894 659 2972; x_wconf 88' lang='lat' dir='ltr'><strong>Patris,</strong></span> <span class='ocrx_word' id='word_1_224' title='bbox 678 2902 711 2959; x_wconf 87' lang='lat' dir='ltr'><strong>ot</strong></span> <span class='ocrx_word' id='word_1_225' title='bbox 730 2893 949 2979; x_wconf 87' lang='lat' dir='ltr'><strong>dispositiones</strong></span> <span class='ocrx_word' id='word_1_226' title='bbox 968 2894 1165 2978; x_wconf 79' lang='lat' dir='ltr'><strong>exponebat:</strong></span> <span class='ocrx_word' id='word_1_227' title='bbox 1190 2916 1296 2978; x_wconf 89' lang='lat' dir='ltr'><strong>quern-</strong></span> 
     </span>
     <span class='ocr_line' id='line_1_26' title="bbox 142 2997 1297 3084; baseline 0.001 -22"><span class='ocrx_word' id='word_1_228' title='bbox 142 2997 309 3063; x_wconf 85' lang='lat' dir='ltr'><strong>admodum</strong></span> <span class='ocrx_word' id='word_1_229' title='bbox 330 3006 364 3064; x_wconf 91' lang='lat' dir='ltr'><strong>et</strong></span> <span class='ocrx_word' id='word_1_230' title='bbox 389 2999 545 3064; x_wconf 88' lang='lat' dir='ltr'><strong>Dominus</strong></span> <span class='ocrx_word' id='word_1_231' title='bbox 568 2998 663 3062; x_wconf 87' lang='lat' dir='ltr'><strong>dixit:</strong></span> <span class='ocrx_word' id='word_1_232' title='bbox 690 2997 896 3084; x_wconf 65' lang='lat' dir='ltr'><strong>*Usipetum</strong></span> <span class='ocrx_word' id='word_1_233' title='bbox 916 2997 1011 3076; x_wconf 79' lang='lat' dir='ltr'><strong>Deus,</strong></span> <span class='ocrx_word' id='word_1_234' title='bbox 1031 2998 1086 3082; x_wconf 81' lang='lat' dir='ltr'><strong>qui</strong></span> <span class='ocrx_word' id='word_1_235' title='bbox 1108 3007 1149 3062; x_wconf 84' lang='lat' dir='ltr'><strong>ost</strong></span> <span class='ocrx_word' id='word_1_236' title='bbox 1170 2998 1204 3061; x_wconf 81' lang='lat' dir='ltr'><strong>ia</strong></span> <span class='ocrx_word' id='word_1_237' title='bbox 1226 2999 1297 3063; x_wconf 75' lang='grc' dir='ltr'><strong>ιὶιιιι</strong></span> 
     </span>
     <span class='ocr_line' id='line_1_27' title="bbox 143 3098 1295 3187; baseline -0.001 -22"><span class='ocrx_word' id='word_1_238' title='bbox 143 3100 264 3180; x_wconf 80' lang='lat' dir='ltr'><strong>Patris,</strong></span> <span class='ocrx_word' id='word_1_239' title='bbox 280 3102 342 3187; x_wconf 76' lang='lat' dir='ltr'><strong>:pso</strong></span> <span class='ocrx_word' id='word_1_240' title='bbox 356 3103 531 3172; x_wconf 80' lang='lat' dir='ltr'><strong>enarravit:</strong></span> <span class='ocrx_word' id='word_1_241' title='bbox 548 3109 581 3166; x_wconf 89' lang='lat' dir='ltr'><strong>et</strong></span> <span class='ocrx_word' id='word_1_242' title='bbox 595 3100 661 3186; x_wconf 92' lang='lat' dir='ltr'><strong>ipse</strong></span> <span class='ocrx_word' id='word_1_243' title='bbox 673 3108 779 3165; x_wconf 91' lang='lat' dir='ltr'><strong>autem</strong></span> <span class='ocrx_word' id='word_1_244' title='bbox 793 3099 1013 3186; x_wconf 88' lang='lat' dir='ltr'><strong>interpretatur</strong></span> <span class='ocrx_word' id='word_1_245' title='bbox 1026 3099 1132 3164; x_wconf 88' lang='lat' dir='ltr'><strong>Patris</strong></span> <span class='ocrx_word' id='word_1_246' title='bbox 1144 3098 1295 3179; x_wconf 87' lang='lat' dir='ltr'><strong>Verbum,</strong></span> 
     </span>
     <span class='ocr_line' id='line_1_28' title="bbox 142 3202 1296 3290; baseline 0 -21"><span class='ocrx_word' id='word_1_247' title='bbox 142 3213 251 3290; x_wconf 90' lang='lat' dir='ltr'><strong>utpote</strong></span> <span class='ocrx_word' id='word_1_248' title='bbox 269 3204 364 3282; x_wconf 93' lang='lat' dir='ltr'><strong>dives,</strong></span> <span class='ocrx_word' id='word_1_249' title='bbox 385 3213 417 3269; x_wconf 91' lang='lat' dir='ltr'><strong>et</strong></span> <span class='ocrx_word' id='word_1_250' title='bbox 437 3204 553 3268; x_wconf 92' lang='lat' dir='ltr'><strong>multus</strong></span> <span class='ocrx_word' id='word_1_251' title='bbox 567 3204 734 3282; x_wconf 89' lang='lat' dir='ltr'><strong>exsistens,</strong></span> <span class='ocrx_word' id='word_1_252' title='bbox 757 3204 871 3267; x_wconf 91' lang='lat' dir='ltr'><strong>nonin</strong></span> <span class='ocrx_word' id='word_1_253' title='bbox 891 3225 953 3268; x_wconf 91' lang='lat' dir='ltr'><strong>una</strong></span> <span class='ocrx_word' id='word_1_254' title='bbox 971 3204 1081 3290; x_wconf 89' lang='lat' dir='ltr'><strong>figura,</strong></span> <span class='ocrx_word' id='word_1_255' title='bbox 1102 3202 1213 3269; x_wconf 92' lang='lat' dir='ltr'><strong>necin</strong></span> <span class='ocrx_word' id='word_1_256' title='bbox 1234 3225 1296 3268; x_wconf 91' lang='lat' dir='ltr'><strong>uno</strong></span> 
     </span>
     <span class='ocr_line' id='line_1_29' title="bbox 142 3306 1297 3391; baseline -0.002 -18"><span class='ocrx_word' id='word_1_257' title='bbox 142 3307 319 3373; x_wconf 77' lang='lat' dir='ltr'><strong>charactere</strong></span> <span class='ocrx_word' id='word_1_258' title='bbox 330 3307 491 3372; x_wconf 92' lang='lat' dir='ltr'><strong>videbatur</strong></span> <span class='ocrx_word' id='word_1_259' title='bbox 503 3307 678 3371; x_wconf 91' lang='lat' dir='ltr'><strong>videntibus</strong></span> <span class='ocrx_word' id='word_1_260' title='bbox 688 3328 770 3384; x_wconf 89' lang='lat' dir='ltr'><strong>eum,</strong></span> <span class='ocrx_word' id='word_1_261' title='bbox 780 3306 836 3370; x_wconf 91' lang='lat' dir='ltr'><strong>sed</strong></span> <span class='ocrx_word' id='word_1_262' title='bbox 850 3307 1020 3373; x_wconf 89' lang='lat' dir='ltr'><strong>secundum</strong></span> <span class='ocrx_word' id='word_1_263' title='bbox 1032 3306 1297 3391; x_wconf 87' lang='lat' dir='ltr'><strong>dispensationum</strong></span> 
     </span>
     <span class='ocr_line' id='line_1_30' title="bbox 142 3409 1296 3498; baseline -0.001 -22"><span class='ocrx_word' id='word_1_264' title='bbox 142 3412 209 3498; x_wconf 87' lang='lat' dir='ltr'><strong>ejus</strong></span> <span class='ocrx_word' id='word_1_265' title='bbox 229 3433 339 3476; x_wconf 85' lang='lat' dir='ltr'><strong>causas</strong></span> <span class='ocrx_word' id='word_1_266' title='bbox 359 3409 423 3476; x_wconf 90' lang='lat' dir='ltr'><strong>sive</strong></span> <span class='ocrx_word' id='word_1_267' title='bbox 443 3410 622 3489; x_wconf 87' lang='lat' dir='ltr'><strong>efficaciam,</strong></span> <span class='ocrx_word' id='word_1_268' title='bbox 646 3410 728 3475; x_wconf 89' lang='lat' dir='ltr'><strong>sicut</strong></span> <span class='ocrx_word' id='word_1_269' title='bbox 749 3410 781 3474; x_wconf 91' lang='lat' dir='ltr'><strong>in</strong></span> <span class='ocrx_word' id='word_1_270' title='bbox 803 3409 933 3475; x_wconf 89' lang='lat' dir='ltr'><strong>Daniele</strong></span> <span class='ocrx_word' id='word_1_271' title='bbox 953 3410 1102 3495; x_wconf 85' lang='lat' dir='ltr'><strong>scriptum</strong></span> <span class='ocrx_word' id='word_1_272' title='bbox 1124 3420 1183 3477; x_wconf 89' lang='lat' dir='ltr'><strong>est.</strong></span> <span class='ocrx_word' id='word_1_273' title='bbox 1229 3411 1296 3476; x_wconf 89' lang='lat' dir='ltr'><strong>Ali-</strong></span> 
     </span>
     <span class='ocr_line' id='line_1_31' title="bbox 143 3510 1444 3600; baseline -0.001 -23"><span class='ocrx_word' id='word_1_274' title='bbox 143 3514 265 3596; x_wconf 89' lang='lat' dir='ltr'><strong>quando</strong></span> <span class='ocrx_word' id='word_1_275' title='bbox 280 3514 363 3577; x_wconf 91' lang='lat' dir='ltr'><strong>enim</strong></span> <span class='ocrx_word' id='word_1_276' title='bbox 378 3536 449 3578; x_wconf 91' lang='lat' dir='ltr'><strong>oum</strong></span> <span class='ocrx_word' id='word_1_277' title='bbox 464 3512 513 3577; x_wconf 90' lang='lat' dir='ltr'><strong>his</strong></span> <span class='ocrx_word' id='word_1_278' title='bbox 528 3511 581 3600; x_wconf 91' lang='lat' dir='ltr'><strong>qui</strong></span> <span class='ocrx_word' id='word_1_279' title='bbox 597 3520 686 3576; x_wconf 91' lang='lat' dir='ltr'><strong>erant</strong></span> <span class='ocrx_word' id='word_1_280' title='bbox 700 3511 783 3576; x_wconf 89' lang='lat' dir='ltr'><strong>circa</strong></span> <span class='ocrx_word' id='word_1_281' title='bbox 804 3510 990 3590; x_wconf 62' lang='lat' dir='ltr'><strong>*Ananiam</strong></span> <span class='ocrx_word' id='word_1_282' title='bbox 1006 3513 1163 3592; x_wconf 87' lang='lat' dir='ltr'><strong>Azariam,</strong></span> <span class='ocrx_word' id='word_1_283' title='bbox 1181 3512 1296 3578; x_wconf 90' lang='lat' dir='ltr'><strong>Misae-</strong></span> <span class='ocrx_word' id='word_1_284' title='bbox 1311 3529 1363 3569; x_wconf 75' lang='lat' dir='ltr'><strong>Dm·</strong></span> <span class='ocrx_word' id='word_1_285' title='bbox 1374 3527 1444 3568; x_wconf 62' lang='lat' dir='ltr'><strong>viv·</strong></span> 
     </span>
     <span class='ocr_line' id='line_1_32' title="bbox 143 3613 1298 3701; baseline 0 -24"><span class='ocrx_word' id='word_1_286' title='bbox 143 3613 214 3693; x_wconf 91' lang='lat' dir='ltr'><strong>lem,</strong></span> <span class='ocrx_word' id='word_1_287' title='bbox 235 3616 396 3681; x_wconf 90' lang='lat' dir='ltr'><strong>videbatur</strong></span> <span class='ocrx_word' id='word_1_288' title='bbox 421 3616 576 3681; x_wconf 88' lang='lat' dir='ltr'><strong>adsistens</strong></span> <span class='ocrx_word' id='word_1_289' title='bbox 602 3615 648 3681; x_wconf 90' lang='lat' dir='ltr'><strong>eis</strong></span> <span class='ocrx_word' id='word_1_290' title='bbox 673 3613 706 3679; x_wconf 91' lang='lat' dir='ltr'><strong>in</strong></span> <span class='ocrx_word' id='word_1_291' title='bbox 731 3615 856 3680; x_wconf 84' lang='lat' dir='ltr'><strong>fornace</strong></span> <span class='ocrx_word' id='word_1_292' title='bbox 880 3615 971 3701; x_wconf 88' lang='lat' dir='ltr'><strong>ignis,</strong></span> <span class='ocrx_word' id='word_1_293' title='bbox 998 3623 1030 3679; x_wconf 90' lang='lat' dir='ltr'><strong>et</strong></span> <span class='ocrx_word' id='word_1_294' title='bbox 1056 3615 1089 3678; x_wconf 90' lang='lat' dir='ltr'><strong>in</strong></span> <span class='ocrx_word' id='word_1_295' title='bbox 1110 3614 1242 3691; x_wconf 89' lang='lat' dir='ltr'><strong>camino,</strong></span> <span class='ocrx_word' id='word_1_296' title='bbox 1265 3622 1298 3678; x_wconf 91' lang='lat' dir='ltr'><strong>et</strong></span> 
     </span>
     <span class='ocr_line' id='line_1_33' title="bbox 143 3718 1295 3806; baseline -0.001 -24"><span class='ocrx_word' id='word_1_297' title='bbox 143 3719 276 3785; x_wconf 88' lang='lat' dir='ltr'><strong>liberans</strong></span> <span class='ocrx_word' id='word_1_298' title='bbox 298 3742 352 3785; x_wconf 87' lang='lat' dir='ltr'><strong>eos</strong></span> <span class='ocrx_word' id='word_1_299' title='bbox 374 3721 412 3784; x_wconf 94' lang='lat' dir='ltr'><strong>de</strong></span> <span class='ocrx_word' id='word_1_300' title='bbox 435 3720 521 3806; x_wconf 85' lang='lat' dir='ltr'><strong>igne:</strong></span> <span class='ocrx_word' id='word_1_301' title='bbox 546 3719 591 3785; x_wconf 84' lang='lat' dir='ltr'><strong>Et</strong></span> <span class='ocrx_word' id='word_1_302' title='bbox 613 3719 698 3798; x_wconf 79' lang='lat' dir='ltr'><strong>visio,</strong></span> <span class='ocrx_word' id='word_1_303' title='bbox 718 3718 830 3804; x_wconf 89' lang='lat' dir='ltr'><strong>inquit,</strong></span> <span class='ocrx_word' id='word_1_304' title='bbox 852 3719 958 3806; x_wconf 78' lang='lat' dir='ltr'><strong>quarti</strong></span> <span class='ocrx_word' id='word_1_305' title='bbox 978 3720 1088 3784; x_wconf 66' lang='lat' dir='ltr'><strong>statilia</strong></span> <span class='ocrx_word' id='word_1_306' title='bbox 1109 3718 1196 3783; x_wconf 79' lang='lat' dir='ltr'><strong>Filio</strong></span> <span class='ocrx_word' id='word_1_307' title='bbox 1221 3718 1295 3782; x_wconf 79' lang='lat' dir='ltr'><strong>Dei.</strong></span> 
     </span>
    </p>
   </div>
   <div class='ocr_carea' id='block_1_4' title="bbox 140 3913 1300 4142">
    <p class='ocr_par' dir='ltr' id='par_1_6' title="bbox 140 3913 1300 4142">
     <span class='ocr_line' id='line_1_34' title="bbox 192 3913 1300 3978; baseline -0.003 -14"><span class='ocrx_word' id='word_1_308' title='bbox 192 3915 270 3964; x_wconf 79' lang='lat' dir='ltr'><strong>¹Au.</strong></span> <span class='ocrx_word' id='word_1_309' title='bbox 290 3917 364 3964; x_wconf 85' lang='lat' dir='ltr'><strong>omits</strong></span> <span class='ocrx_word' id='word_1_310' title='bbox 382 3923 420 3971; x_wconf 84' lang='lat' dir='ltr'><strong>et;</strong></span> <span class='ocrx_word' id='word_1_311' title='bbox 443 3916 482 3964; x_wconf 81' lang='lat' dir='ltr'><strong>sor</strong></span> <span class='ocrx_word' id='word_1_312' title='bbox 496 3914 598 3978; x_wconf 74' lang='lat' dir='ltr'><strong>proprio</strong></span> <span class='ocrx_word' id='word_1_313' title='bbox 615 3916 636 3964; x_wconf 87' lang='lat' dir='ltr'><strong>it</strong></span> <span class='ocrx_word' id='word_1_314' title='bbox 653 3915 698 3963; x_wconf 73' lang='lat' dir='ltr'><strong>has</strong></span> <span class='ocrx_word' id='word_1_315' title='bbox 750 3921 805 3964; x_wconf 88' lang='lat' dir='ltr'><strong>sent</strong></span> <span class='ocrx_word' id='word_1_316' title='bbox 817 3915 921 3978; x_wconf 83' lang='lat' dir='ltr'><strong>reading</strong></span> <span class='ocrx_word' id='word_1_317' title='bbox 931 3931 981 3962; x_wconf 83' lang='lat' dir='ltr'><strong>was</strong></span> <span class='ocrx_word' id='word_1_318' title='bbox 992 3914 1049 3963; x_wconf 89' lang='lat' dir='ltr'><strong>that</strong></span> <span class='ocrx_word' id='word_1_319' title='bbox 1060 3913 1190 3977; x_wconf 87' lang='lat' dir='ltr'><strong>expressed</strong></span> <span class='ocrx_word' id='word_1_320' title='bbox 1200 3913 1300 3977; x_wconf 80' lang='lat' dir='ltr'><strong>byImt·</strong></span> 
     </span>
     <span class='ocr_line' id='line_1_35' title="bbox 140 3994 1299 4061; baseline -0.004 -15"><span class='ocrx_word' id='word_1_321' title='bbox 140 3996 253 4061; x_wconf 72' lang='lat' dir='ltr'><strong>priores:</strong></span> <span class='ocrx_word' id='word_1_322' title='bbox 269 3998 320 4047; x_wconf 92' lang='lat' dir='ltr'><strong>and</strong></span> <span class='ocrx_word' id='word_1_323' title='bbox 331 3998 369 4045; x_wconf 85' lang='lat' dir='ltr'><strong>for</strong></span> <span class='ocrx_word' id='word_1_324' title='bbox 375 3998 472 4060; x_wconf 81' lang='lat' dir='ltr'><strong>fipuroe,</strong></span> <span class='ocrx_word' id='word_1_325' title='bbox 481 3998 598 4060; x_wconf 66' lang='lat' dir='ltr'><strong>figuram</strong></span> <span class='ocrx_word' id='word_1_326' title='bbox 751 4008 834 4055; x_wconf 75' lang='lat' dir='ltr'><strong>uatus,</strong></span> <span class='ocrx_word' id='word_1_327' title='bbox 847 3995 897 4044; x_wconf 91' lang='lat' dir='ltr'><strong>and</strong></span> <span class='ocrx_word' id='word_1_328' title='bbox 914 3996 970 4043; x_wconf 82' lang='lat' dir='ltr'><strong>that</strong></span> <span class='ocrx_word' id='word_1_329' title='bbox 983 3995 1026 4042; x_wconf 86' lang='lat' dir='ltr'><strong>the</strong></span> <span class='ocrx_word' id='word_1_330' title='bbox 1038 3994 1153 4058; x_wconf 83' lang='lat' dir='ltr'><strong>previous</strong></span> <span class='ocrx_word' id='word_1_331' title='bbox 1167 3995 1299 4057; x_wconf 90' lang='lat' dir='ltr'><strong>quotation</strong></span> 
     </span>
     <span class='ocr_line' id='line_1_36' title="bbox 192 4075 1297 4142; baseline -0.005 -13.855"><span class='ocrx_word' id='word_1_332' title='bbox 192 4078 302 4142; x_wconf 52' lang='lat' dir='ltr'><strong>&#39;qum</strong></span> <span class='ocrx_word' id='word_1_333' title='bbox 310 4080 395 4142; x_wconf 67' lang='lat' dir='ltr'><strong>iperio,</strong></span> <span class='ocrx_word' id='word_1_334' title='bbox 414 4081 452 4128; x_wconf 86' lang='lat' dir='ltr'><strong>six</strong></span> <span class='ocrx_word' id='word_1_335' title='bbox 472 4079 552 4127; x_wconf 85' lang='lat' dir='ltr'><strong>words</strong></span> <span class='ocrx_word' id='word_1_336' title='bbox 569 4077 697 4141; x_wconf 86' lang='lat' dir='ltr'><strong>carelessly</strong></span> <span class='ocrx_word' id='word_1_337' title='bbox 749 4078 869 4127; x_wconf 85' lang='lat' dir='ltr'><strong>hasbeen</strong></span> <span class='ocrx_word' id='word_1_338' title='bbox 886 4075 1297 4139; x_wconf 81' lang='lat' dir='ltr'><strong>correctedtosurttheVulgate</strong></span> 
     </span>
    </p>
   </div>
   <div class='ocr_carea' id='block_1_5' title="bbox 144 4136 1300 4319">
    <p class='ocr_par' dir='ltr' id='par_1_7' title="bbox 144 4136 1300 4319">
     <span class='ocr_line' id='line_1_37' title="bbox 144 4136 1297 4243; baseline 0.003 -33"><span class='ocrx_word' id='word_1_339' title='bbox 144 4162 453 4210; x_wconf 76' lang='lat' dir='ltr'><strong>omittcdintthuumr</strong></span> <span class='ocrx_word' id='word_1_340' title='bbox 467 4160 525 4210; x_wconf 91' lang='lat' dir='ltr'>MS.</span> <span class='ocrx_word' id='word_1_341' title='bbox 749 4177 802 4225; x_wconf 65' lang='lat'><strong>¹1¹1,⁰</strong></span> <span class='ocrx_word' id='word_1_342' title='bbox 831 4175 887 4239; x_wconf 68' lang='lat' dir='ltr'><strong>syn</strong></span> <span class='ocrx_word' id='word_1_343' title='bbox 889 4191 917 4223; x_wconf 61' lang='lat' dir='ltr'><strong>m</strong></span> <span class='ocrx_word' id='word_1_344' title='bbox 945 4175 990 4222; x_wconf 70' lang='lat' dir='ltr'><strong>h„</strong></span> <span class='ocrx_word' id='word_1_345' title='bbox 1024 4136 1129 4231; x_wconf 40' lang='lat' dir='ltr'><strong>lm&amp;</strong></span> <span class='ocrx_word' id='word_1_346' title='bbox 1153 4138 1297 4243; x_wconf 45' lang='grc' dir='ltr'><strong>μμ...»</strong></span> 
     </span>
     <span class='ocr_line' id='line_1_38' title="bbox 192 4241 1300 4319; baseline -0.002 -15"><span class='ocrx_word' id='word_1_347' title='bbox 192 4241 696 4306; x_wconf 62' lang='lat' dir='ltr'><strong>³A81&#39;06bsslll’3‘011·2⁰l⁴b“&#39;¹²›⁰²⁰d·</strong></span> <span class='ocrx_word' id='word_1_348' title='bbox 752 4256 892 4319; x_wconf 77' lang='lat' dir='ltr'><strong>loipeaitue</strong></span> <span class='ocrx_word' id='word_1_349' title='bbox 909 4256 983 4305; x_wconf 77' lang='lat' dir='ltr'><strong>Deua.</strong></span> <span class='ocrx_word' id='word_1_350' title='bbox 1019 4255 1072 4303; x_wconf 83' lang='lat' dir='ltr'><strong>&#39;l&#39;he</strong></span> <span class='ocrx_word' id='word_1_351' title='bbox 1089 4254 1180 4302; x_wconf 81' lang='lat' dir='ltr'><strong>former</strong></span> <span class='ocrx_word' id='word_1_352' title='bbox 1197 4254 1300 4319; x_wconf 84' lang='lat' dir='ltr'><strong>reading</strong></span> 
     </span>
    </p>
   </div>
   <div class='ocr_carea' id='block_1_6' title="bbox 192 4323 1300 4400">
    <p class='ocr_par' dir='ltr' id='par_1_8' title="bbox 192 4323 1300 4400">
     <span class='ocr_line' id='line_1_39' title="bbox 192 4323 1300 4400; baseline 0.001 -25.029"><span class='ocrx_word' id='word_1_353' title='bbox 192 4325 363 4388; x_wconf 67' lang='lat' dir='ltr'><strong>‘Unigeuitus</strong></span> <span class='ocrx_word' id='word_1_354' title='bbox 385 4326 459 4373; x_wconf 78' lang='lat' dir='ltr'><strong>Dour.</strong></span> <span class='ocrx_word' id='word_1_355' title='bbox 495 4323 548 4371; x_wconf 76' lang='lat' dir='ltr'><strong>&#39;she</strong></span> <span class='ocrx_word' id='word_1_356' title='bbox 568 4328 622 4370; x_wconf 77' lang='lat' dir='ltr'><strong>text</strong></span> <span class='ocrx_word' id='word_1_357' title='bbox 644 4339 697 4385; x_wconf 90' lang='lat' dir='ltr'><strong>pre·</strong></span> <span class='ocrx_word' id='word_1_358' title='bbox 749 4339 864 4388; x_wconf 57' lang='lat' dir='ltr'>however</span> <span class='ocrx_word' id='word_1_359' title='bbox 880 4353 973 4398; x_wconf 61' lang='lat' dir='ltr'><strong>mm</strong></span> <span class='ocrx_word' id='word_1_360' title='bbox 993 4353 1018 4400; x_wconf 78' lang='lat' dir='ltr'><strong>p</strong></span> <span class='ocrx_word' id='word_1_361' title='bbox 1036 4352 1074 4397; x_wconf 88' lang='grc'><strong>44</strong></span> <span class='ocrx_word' id='word_1_362' title='bbox 1109 4335 1230 4400; x_wconf 54' lang='lat' dir='ltr'><strong>compare</strong></span> <span class='ocrx_word' id='word_1_363' title='bbox 1248 4336 1300 4384; x_wconf 61' lang='lat'><strong>5130</strong></span> 
     </span>
    </p>
   </div>
   <div class='ocr_carea' id='block_1_7' title="bbox 143 4398 1299 4564">
    <p class='ocr_par' dir='ltr' id='par_1_9' title="bbox 143 4398 1299 4564">
     <span class='ocr_line' id='line_1_40' title="bbox 143 4398 1299 4471; baseline -0.004 -1"><span class='ocrx_word' id='word_1_364' title='bbox 143 4398 693 4471; x_wconf 60' lang='lat' dir='ltr'><strong>Vl⁰u⁸¹ydu⁰led¹¹1d1⁰³ledevv⁰t⁶⁹vtll⁶⁸</strong></span> <span class='ocrx_word' id='word_1_365' title='bbox 750 4419 775 4469; x_wconf 98' lang='lat' dir='ltr'>S</span> <span class='ocrx_word' id='word_1_366' title='bbox 789 4420 906 4467; x_wconf 81' lang='lat' dir='ltr'><strong>Auousc</strong></span> <span class='ocrx_word' id='word_1_367' title='bbox 920 4417 974 4466; x_wconf 76' lang='lat' dir='ltr'><strong>bib.</strong></span> <span class='ocrx_word' id='word_1_368' title='bbox 987 4415 1135 4467; x_wconf 79' lang='lat' dir='ltr'><strong>odPaulia.</strong></span> <span class='ocrx_word' id='word_1_369' title='bbox 1155 4417 1186 4467; x_wconf 79' lang='lat' dir='ltr'><strong>dc</strong></span> <span class='ocrx_word' id='word_1_370' title='bbox 1201 4416 1250 4469; x_wconf 83' lang='lat' dir='ltr'><strong>oid</strong></span> <span class='ocrx_word' id='word_1_371' title='bbox 1269 4417 1299 4467; x_wconf 86' lang='lat' dir='ltr'><strong>D.</strong></span> 
     </span>
     <span class='ocr_line' id='line_1_41' title="bbox 143 4485 867 4564; baseline 0 -27"><span class='ocrx_word' id='word_1_372' title='bbox 143 4507 168 4555; x_wconf 89' lang='lat' dir='ltr'><strong>p.</strong></span> <span class='ocrx_word' id='word_1_373' title='bbox 184 4492 246 4551; x_wconf 76' lang='lat'>2183</span> <span class='ocrx_word' id='word_1_374' title='bbox 263 4485 697 4553; x_wconf 83' lang='lat' dir='ltr'><strong>buttheagreomontofthoSyriac</strong></span> <span class='ocrx_word' id='word_1_375' title='bbox 749 4501 796 4564; x_wconf 67' lang='grc' dir='ltr'><strong>ΕΡ</strong></span> <span class='ocrx_word' id='word_1_376' title='bbox 813 4511 867 4560; x_wconf 82' lang='lat'><strong>147</strong></span> 
     </span>
    </p>
   </div>
   <div class='ocr_carea' id='block_1_8' title="bbox 144 4569 1133 4632">
    <p class='ocr_par' dir='ltr' id='par_1_10' title="bbox 144 4569 1133 4632">
     <span class='ocr_line' id='line_1_42' title="bbox 144 4569 1133 4632; baseline -0.002 -9"><span class='ocrx_word' id='word_1_377' title='bbox 144 4574 243 4623; x_wconf 86' lang='lat' dir='ltr'><strong>version</strong></span> <span class='ocrx_word' id='word_1_378' title='bbox 256 4573 358 4623; x_wconf 85' lang='lat' dir='ltr'><strong>inducas</strong></span> <span class='ocrx_word' id='word_1_379' title='bbox 373 4573 416 4621; x_wconf 87' lang='lat' dir='ltr'><strong>the</strong></span> <span class='ocrx_word' id='word_1_380' title='bbox 433 4570 508 4620; x_wconf 81' lang='lat' dir='ltr'><strong>belief</strong></span> <span class='ocrx_word' id='word_1_381' title='bbox 518 4570 575 4618; x_wconf 87' lang='lat' dir='ltr'><strong>that</strong></span> <span class='ocrx_word' id='word_1_382' title='bbox 589 4569 631 4617; x_wconf 87' lang='lat' dir='ltr'><strong>the</strong></span> <span class='ocrx_word' id='word_1_383' title='bbox 642 4583 696 4631; x_wconf 87' lang='lat' dir='ltr'><strong>pre·</strong></span> <span class='ocrx_word' id='word_1_384' title='bbox 796 4581 808 4613; x_wconf 70' lang='grc' dir='ltr'><strong>ι</strong></span> <span class='ocrx_word' id='word_1_385' title='bbox 823 4581 903 4630; x_wconf 52' lang='lat' dir='ltr'><strong>Tem,</strong></span> <span class='ocrx_word' id='word_1_386' title='bbox 917 4596 937 4630; x_wconf 68' lang='grc' dir='ltr'><strong>ς,</strong></span> <span class='ocrx_word' id='word_1_387' title='bbox 950 4580 1030 4631; x_wconf 63' lang='lat' dir='ltr'><strong>Marc,</strong></span> <span class='ocrx_word' id='word_1_388' title='bbox 1044 4591 1080 4631; x_wconf 75' lang='lat' dir='ltr'><strong>lv·</strong></span> <span class='ocrx_word' id='word_1_389' title='bbox 1097 4594 1133 4632; x_wconf 68' lang='grc' dir='ltr'><strong>ιο,</strong></span> 
     </span>
    </p>
   </div>
   <div class='ocr_carea' id='block_1_9' title="bbox 0 0 1516 4994">
    <p class='ocr_par' dir='ltr' id='par_1_11' title="bbox 0 0 1516 4994">
     <span class='ocr_line' id='line_1_43' title="bbox 0 0 1516 4994; baseline 0 0"><span class='ocrx_word' id='word_1_390' title='bbox 0 0 1516 4994; x_wconf 95' lang='lat' dir='ltr'><strong> </strong></span> 
     </span>
    </p>
   </div>
  </div>
 </body>
</html>
