3000 4994
562 324 708 376 cnnrcrs
735 324 884 377 rrrxrro
1231 311 1296 378 429

143 477 227 541 modi
242 478 359 564 gradus
382 479 541 565 prolicere,
558 486 591 542 et
610 500 665 564 per
689 478 841 564 Spiritum
868 477 992 564 quidem
1015 478 1071 543 ¹ad
1099 477 1226 555 Filium,
1241 501 1298 565 per
1338 499 1393 586 ιιι
1403 501 1430 541 v.

145 579 261 643 Filium
276 588 381 645 autern
395 581 562 646 ascendere
576 579 616 644 ad
633 580 777 656 Patrem;
803 579 886 646 Filio
901 579 1046 667 deinceps
1060 580 1191 646 cedente
1206 581 1295 646 Patri
1308 548 1450 681 “fiffgffilvll
1453 621 1458 634 ·

142 704 222 769 opus
235 704 337 762 suum,
352 682 611 770 quemadmodum
632 691 665 748 et
684 684 725 748 ab
744 683 899 769 Apostolo
921 682 1040 748 dictum
1054 690 1117 748 est:
1144 683 1375 763 ίὶιιονιιὶινιως
1346 687 1439 727 ¹¹¹²

142 795 257 904 oportet
270 808 400 872 repre-arc
413 808 490 864 euru,
506 785 700 905 pupadusque
710 795 811 873 ponat
830 808 929 851 omues
951 786 1090 851 inimicos
1103 785 1156 851 sub
1164 786 1336 904 pediturn
1308 810 1317 846 1
1328 808 1413 850 coru
1414 811 1462 855 ιι,

142 889 215 974 ejus.
261 891 481 956 Novissima
466 890 595 954 inimico
620 889 793 954 destruetur
813 912 901 955 crore.
938 889 977 954 ln
998 891 1190 975 temporibus
1212 889 1296 955 enim

143 992 271 1081 Regni
258 1002 363 1080 Justus
377 993 471 1059 homo
486 1014 579 1079 super
598 1002 714 1059 terrum
733 993 898 1071 exsistens,
915 993 1111 1060 obliviscetur
1126 994 1204 1058 mori
1215 995 1293 1079 jam

145 1097 274 1177 Quando
295 1108 397 1163 auten
413 1098 538 1176 decerit,
554 1098 664 1185 inquit,
680 1099 785 1163 omnia
805 1098 935 1183 subjecto
957 1108 1036 1177 suut,
1052 1098 1165 1163 scilieet
1186 1097 1295 1184 udoque
1308 1131 1412 1172 rum
1383 1133 1459 1181 ηπ,

142 1223 175 1265 ce
188 1223 242 1286 que
236 1200 379 1286 subjemt
392 1202 506 1279 omnia.
553 1201 630 1266 Oam
650 1212 752 1266 eutero
771 1224 799 1266 ee
793 1202 939 1288 suerint
958 1202 1080 1268 subdita
1095 1203 1208 1282 omnio,
1223 1212 1295 1267 tunc
1307 1179 1336 1217 ’ἀ

142 1303 205 1389 urse
228 1305 334 1369 Filius
355 1304 501 1388 subjectus
521 1305 581 1369 erit
602 1306 640 1384 ei,
656 1305 711 1392 qui
732 1304 791 1370 sibi
814 1305 938 1389 subjecit
963 1308 1075 1385 omniu,
1091 1316 1125 1371 ut
1146 1307 1186 1371 sit
1211 1306 1296 1370 Deus

142 1409 244 1471 onnia
267 1410 302 1472 ic
325 1408 471 1474 munibus.
507 1408 685 1497 Diligenter
709 1431 784 1496 ergo
810 1409 975 1475 Johannes
997 1409 1141 1496 preevidit
1160 1409 1293 1495 primam

138 1509 295 1594 justorum
309 1511 575 1589 resurrectionem,
591 1518 624 1577 et
645 1511 677 1576 in
697 1512 809 1600 Regno
826 1520 918 1577 terrae
932 1513 1160 1578 heereditatcm:
1184 1534 1293 1578 conso

142 1621 254 1676 nanter
267 1621 372 1678 autem
390 1620 424 1679 et
445 1613 604 1700 prophete
620 1613 882 1700 prophetaverunt
901 1615 942 1680 de
961 1636 1010 1681 ea.
1056 1614 1137 1680 Haec
1157 1613 1241 1678 enim
1260 1621 1294 1679 et

142 1713 297 1780 Dominus
319 1716 435 1794 docuit,
461 1715 662 1782 ²mixtionem
687 1717 792 1783 calicis
817 1739 929 1783 novam
950 1718 984 1782 in
1007 1740 1104 1806 regno
1130 1739 1202 1783 cum
1231 1717 1293 1781 dis·
1305 1723 1433 1811 get-¹⁸¹-

76 1841 119 1880 res.
141 1815 251 1903 cipulis
274 1817 453 1883 habiturum
481 1840 516 1884 se
540 1818 704 1905 pollicitus.
767 1819 812 1885 Et
834 1820 1007 1906 Apostolus
1032 1827 1139 1885 autem
1163 1819 1293 1884 liberam
1306 1843 1458 1886 nondun.

140 1921 278 1986 suturam
301 1930 475 1988 creaturam
501 1944 521 1987 a
549 1923 699 1989 servitute
722 1924 908 2011 corruptelae
931 1925 964 1988 in
986 1925 1162 1991 libertatem
1184 1924 1292 2012 gleriae

140 2023 275 2090 liliorum
291 2023 352 2090 Dei
367 2026 528 2090 confessus
542 2032 602 2090 est.
647 2025 692 2092 Et
706 2025 740 2090 in
755 2027 899 2092 omnibus
912 2027 951 2093 iis
974 2034 1007 2093 et
1021 2049 1078 2112 per
1091 2027 1195 2092 omnia
1210 2027 1293 2092 idem

140 2128 228 2193 Deus
251 2129 349 2195 Pater
373 2130 556 2207 ostenditur,
573 2129 626 2215 qui
651 2129 816 2216 plasmavit
839 2130 1007 2209 hominem,
1023 2137 1056 2197 et
1077 2130 1293 2195 haereditatem

138 2238 230 2296 terres
245 2231 386 2349 promisit
401 2230 551 2316 patribus,
561 2230 613 2315 qui
624 2230 732 2294 eduxit
746 2231 830 2295 illam
846 2232 878 2296 in
890 2233 1113 2298 resurrectione
1123 2233 1291 2318 justorum,

137 2341 171 2399 et
194 2334 414 2419 promissiones
435 2331 584 2418 adimplet
604 2333 654 2395 ⁸in
679 2332 752 2396 Filii
774 2335 822 2399 sui
838 2357 986 2422 regnum:
1010 2344 1119 2422 postea
1139 2345 1292 2422 praestsns

136 2438 189 2505 ills
214 2436 422 2524 paternaliter,
449 2456 519 2523 quse
556 2456 657 2520 neque
681 2435 789 2501 oculus
817 2437 905 2515 vidit,
932 2460 1032 2525 neque
1054 2439 1140 2502 nuris
1162 2438 1289 2516 audivit,
1304 2470 1368 2511 100.
1377 2471 1428 2518 ιιι

137 2564 238 2627 neque
253 2541 286 2604 in
300 2562 354 2606 cor
373 2539 508 2604 hominis
527 2537 677 2604 escendit
725 2537 852 2603 Etenim
873 2561 954 2605 unus
984 2540 1095 2617 Filius,
1110 2541 1163 2625 qui
1186 2527 1328 2605 volun-‘¹
1304 2566 1323 2601 ι.
1303 2517 1394 2557 “³¹¹⁵
1402 2518 1424 2557 ¹¹
1427 2519 1455 2558 ”“

136 2653 236 2711 tatem
260 2643 366 2709 Patris
389 2641 531 2728 perfecit;
556 2649 589 2706 et
614 2663 710 2706 unum
735 2663 835 2729 genus
857 2641 1063 2720 humanum,
1054 2664 1086 2706 m
1112 2665 1174 2728 quo
1199 2645 1289 2730 perfi-

137 2750 260 2817 ciuntur
285 2748 432 2836 mysteria
457 2746 529 2824 Dei,
562 2768 648 2832 quern
670 2747 881 2831 concupiscunt
904 2746 1008 2832 sepeli
1029 2747 1141 2826 cidere,
1171 2757 1203 2813 et
1226 2770 1429 2814 ueniretur.

137 2852 306 2940 praevelent
322 2851 507 2938 investigere
521 2849 706 2936 sapientiam
722 2848 793 2926 Dei,
811 2871 868 2935 per
884 2871 978 2935 quam
994 2849 1115 2936 plasma
1128 2851 1196 2936 ejus
1215 2874 1288 2917 con·

136 2956 304 3022 formatum
326 2964 359 3021 et
382 2960 638 3040 concorporatum
667 2951 749 3015 Filio
772 2951 944 3037 perficitur:
978 2960 1014 3016 ut
1035 2953 1199 3039 progenies
1220 2956 1289 3041 ejus

137 3065 149 3102 ⁴
154 3058 378 3146 primogenitus
394 3058 534 3122 Verbum
550 3056 719 3120 descendet
733 3055 765 3118 iu
780 3055 943 3134 iacturam,
963 3055 1024 3121 hoc
1044 3065 1093 3121 est
1110 3056 1143 3121 in
1157 3058 1287 3143 plasme,

135 3171 169 3229 et
181 3163 320 3248 capiatur
334 3161 375 3225 ab
390 3182 443 3235 θος
468 3167 501 3225 et
522 3161 642 3225 iectura
663 3157 776 3236 iterum
798 3157 901 3243 capiat
918 3158 1070 3239 Verbum,
1085 3168 1120 3226 et
1139 3162 1288 3227 ascendat

135 3267 277 3341 adeum,
300 3263 536 3350 supergrediens
555 3262 692 3349 angelos,
712 3268 746 3326 et
770 3262 844 3327 ⁵fiet
868 3262 1039 3328 seeundum
1063 3264 1231 3351 imaginem
1255 3276 1288 3332 et

136 3367 370 3432 similitudinem
386 3364 458 3430 Dei.

201 3516 323 3602 Ecplic.
340 3514 416 3580 titre·
430 3513 509 3579 beati
534 3514 670 3577 erronee·
682 3515 839 3600 Martyris
852 3539 976 3582 numero
988 3521 1129 3606 quinque.

183 3751 305 3799 ¹GBA1m
324 3754 438 3813 suggests
455 3749 501 3796 but
515 3746 573 3795 does
585 3751 631 3794 not
646 3747 683 3794 in·
735 3753 781 3796 not
802 3764 818 3796 a
839 3749 934 3811 sonat
955 3750 1061 3798 concord
1083 3751 1109 3797 in
1135 3766 1211 3814 many
1232 3766 1286 3814 pas·

133 3838 184 3881 sert
201 3833 242 3880 od.
281 3832 367 3880 Mese.
384 3830 434 3879 and
452 3831 568 3879 Selenen
583 3829 651 3891 print
663 3829 684 3876 it
735 3844 814 3893 nages.

132 3915 243 3963 between
265 3914 386 3972 brackets,
411 3912 491 3960 which
513 3927 555 3959 cre
572 3911 629 3959 here
649 3927 683 3958 rc·
784 3908 883 3970 ¹1.fiar
896 3926 924 3958 or
939 3917 995 3958 tunc
1007 3909 1056 3970 fiet.

131 3995 228 4044 moved.
259 3995 378 4058 Compare
393 3992 445 4052 162,
461 4006 487 4054 3;
507 3990 560 4052 164,
573 3993 596 4040 8.
784 3989 873 4040 ⁰(lod.
887 3991 968 4038 Voss,
981 3988 1091 4038 Hircrrci.
1111 3989 1233 4054 Compare
1244 3991 1288 4039 the

181 4077 193 4109 ²
209 4079 254 4127 See
265 4095 307 4142 pp.
317 4089 372 4138 415,
384 4075 440 4136 416.
735 4075 832 4140 prefaee
848 4074 881 4136 by
894 4072 1007 4131 Ferreus,
1020 4072 1101 4121 where
1117 4073 1160 4121 the
1177 4088 1249 4122 name
1266 4075 1287 4122 is

180 4160 234 4208 3ν’νι
256 4174 364 4222 regnum,
389 4160 420 4207 εἰς
438 4158 572 4223 βασιλείαν,
593 4173 625 4205 an
646 4156 681 4205 in·
735 4158 834 4206 written
852 4155 1003 4217 Hymettum
1024 4156 1067 4203 the
1085 4154 1193 4218 respirate
1209 4171 1288 4219 repre·

131 4243 307 4293 stanneofthe
323 4240 461 4289 consmudrb
476 4255 620 4303 pragam
636 4254 682 4287 un·
734 4237 833 4300 senting
850 4237 894 4284 the
912 4235 993 4284 Greek
1012 4237 1040 4285 E.
1080 4235 1140 4284 'Ibis
1158 4235 1214 4285 MS.
1235 4237 1287 4285 also

131 4325 178 4374 leus
200 4324 289 4372 indeed
317 4322 345 4369 ia
371 4338 443 4384 repro
465 4324 495 4372 be
518 4324 561 4372 the
588 4327 682 4370 correct
735 4318 796 4368 udde
806 4319 850 4366 the
861 4317 916 4365 title
927 4317 955 4364 of
962 4316 1068 4378 Martyr.
1104 4316 1222 4364 Gsenu's
1232 4317 1288 4366 idea

131 4407 240 4470 reading.
734 4403 754 4450 is
766 4399 886 4465 probably
897 4403 998 4457 correct,
1011 4399 1068 4447 that
1079 4399 1121 4446 the
1133 4398 1201 4446 work
1216 4398 1236 4446 is
1248 4399 1287 4447 de-

180 4488 191 4518 ⁴
213 4488 315 4537 Verbum
343 4488 387 4536 has
415 4488 528 4537 involved
551 4504 566 4536 u
591 4485 680 4548 Inpleat,
733 4483 829 4539 sectivo,
843 4480 1038 4530 theconclurion
1052 4481 1145 4544 having
1155 4480 1284 4530 beenlost.

232 4639 304 4685 von.
325 4641 360 4684 ιι.
1142 4611 1184 4680 27
