3000 4994
376 339 670 393 umanmoonmr
696 338 968 393 rnmscnrrrro.
1208 318 1249 387 17

95 485 204 552 statim
219 445 440 551 concludentes
453 505 545 549 aures
558 485 652 572 longo
666 484 788 572 longius
803 484 932 571 fugient,
948 504 988 548 ne
1005 481 1111 547 audire
1126 481 1249 569 quidem
1262 507 1415 594 qngqqp.

95 589 288 654 sustinentes
304 588 517 676 blasphemum
536 588 733 676 colloquium.
779 588 831 654 Sic
845 587 998 675 perillam
1013 595 1147 652 veterem
1164 586 1250 672 Apo
1274 600 1402 684 uqysyss·

94 692 246 757 stolorum
266 691 474 769 traditionem,
494 712 534 757 ne
555 692 588 755 in
605 691 841 778 conceptionem
863 690 988 776 quidem
1007 689 1121 755 mentis
1140 689 1251 754 admit·
1264 718 1413 730 ---

94 801 176 871 tunt,
193 793 398 881 quodcunque
412 815 519 858 eorum
533 793 807 879 portentiloquium
821 801 880 871 est,
895 814 995 880 neque
1010 792 1110 858 ¹enim
1124 813 1252 879 congre-

94 897 182 985 gatio
197 897 257 961 fuit
271 898 354 984 apud
372 919 436 976 eos,
452 918 552 982 neque
567 897 708 962 doctrina
722 897 876 961 instituta.

163 1005 194 1066 2.
241 1002 329 1066 Ante
343 1001 547 1066 Valentinum
558 1001 642 1065 enim
656 1022 718 1066 non
731 1000 865 1078 luerunt,
878 1001 930 1086 qui
945 1009 1019 1066 sunt
1033 1022 1053 1066 a
1065 999 1249 1072 Valentino;
1264 1010 1317 1096 {gy
1328 1009 1413 1095 §qm

96 1127 198 1190 neque
219 1114 294 1171 ante
319 1105 514 1171 Marcionem
534 1112 633 1183 erant,
658 1103 711 1189 qui
734 1112 808 1168 sunt
828 1126 848 1168 a
865 1104 1046 1179 Marcione;
1072 1125 1173 1191 neque
1187 1124 1253 1167 om-

97 1209 172 1273 niuo
206 1218 295 1273 erant
325 1207 433 1293 reliqui
464 1229 575 1272 sensns
601 1206 740 1293 maligni,
769 1227 848 1290 quos
872 1228 966 1292 supra
996 1205 1252 1282 enumeravimus,

96 1319 268 1397 antequam
292 1311 465 1377 initiatores
490 1320 523 1376 et
548 1311 725 1377 inventores
751 1309 961 1396 perversitatis
994 1331 1101 1374 eorum
1133 1309 1253 1374 fierent.

101 1508 323 1583 Οὗαλεντΐνος
351 1506 410 1591 μὲν
437 1505 504 1607 γὰρ
528 1509 634 1591 ἦλθεν
659 1510 701 1585 εἰς
726 1506 853 1590 Ῥώμην
873 1507 927 1576 ἐπὶ
952 1507 1097 1598 Ὑγῖνθυ·
1128 1503 1407 1604 iy'xpacesslfssffl

687 1621 703 1647 Ν

101 1618 136 1692 δὲ
166 1620 222 1690 ἐπὶ
252 1620 350 1705 Πίου,
381 1621 434 1692 καὶ
463 1621 655 1721 παρέμεινεν
686 1651 742 1697 eoo
765 1619 953 1703 Ἀνικῆτου.
1001 1617 1136 1719 Ke‘pdmv
1168 1616 1203 1688 δὲ
1235 1621 1254 1689 ὁ

100 1731 170 1833 πρὸ
201 1733 407 1832 Μαρκίωνος,
433 1733 487 1804 καὶ
514 1731 613 1810 αὐτὸς
642 1731 697 1803 ἐπὶ
728 1733 870 1825 Ὑγῖνον,
902 1733 936 1810 ὃς
965 1730 1001 1814 ἦν
1024 1733 1159 1809 2ἔνατος
1185 1731 1256 1803 ἐσί-

45 1871 80 1917 αα
101 1877 238 1929 σκοπος,
263 1849 305 1924 εἰς
322 1847 382 1929 τὴν
402 1847 576 1929 ἐκκλησίαν
599 1846 703 1917 ἐλθὼν
723 1845 777 1916 καὶ
796 1843 1132 1940 3ἐξομολογούμενος,
1154 1840 1256 1922 οὕτως

101 1957 279 2044 διετέλεσε,
300 1957 389 2031 ποτὲ
407 1957 466 2043 μὲν
487 1956 815 2058 λαθροδιδασκαλῶν,
840 1956 928 2031 ποτὲ
951 1956 985 2028 δὲ
1009 1956 1112 2028 πάλιν
1137 1955 1256 2052 ἕξομα-

101 2074 312 2164 λογούμενος,
336 2070 423 2144 ποτὲ
441 2070 476 2142 δὲ
495 2074 716 2168 ἐλεγχόμενος
736 2073 789 2171 ἐφ’
812 2069 859 2148 οἷς
883 2070 1032 2143 ἐδίδασκε
1052 2076 1162 2155 κακῶς,
1181 2070 1256 2142 4καὶ

101 2183 334 2286 ἀφιστάμενος
350 2192 409 2270 τῆς
428 2190 494 2258 τῶν
511 2183 666 2284 ἀδελφῶν
684 2182 843 2261 συνοδίας.

103 2378 293 2444 Valentinus
322 2378 405 2443 enim
428 2378 512 2443 venit
535 2379 669 2444 Romam
688 2381 747 2445 sub
772 2379 919 2466 Hygino;
950 2380 1078 2446 increvit
1101 2403 1173 2446 vero
1198 2381 1257 2446 sub

102 2481 172 2560 Pio,
188 2489 221 2547 et
234 2481 412 2569 prorogavit
426 2489 549 2567 tempus
564 2482 716 2568 usquead
732 2482 912 2549 Anicetum.
946 2482 1068 2548 Oerdon
1082 2492 1189 2548 autem
1203 2484 1256 2571 qui

100 2593 176 2651 ante
197 2584 402 2664 Marcionem,
424 2594 456 2650 et
474 2584 525 2650 hic
542 2586 602 2650 sub
624 2585 761 2672 Hygino,
782 2585 837 2672 qui
861 2587 920 2651 luit
937 2594 1064 2652 octavus
1080 2588 1256 2673 episcopus,

100 2710 186 2775 saepe
209 2687 241 2751 in
263 2686 425 2752 ecclesiam
447 2686 583 2766 veniens,
607 2695 639 2753 et
661 2688 935 2776 ³exhomologesin
957 2689 1083 2767 iaciens,
1106 2689 1152 2754 sic
1184 2712 1256 2755 con-

101 2790 279 2868 summavit,
294 2791 387 2856 modo
402 2790 526 2877 quidem
538 2790 671 2855 latenter
682 2792 805 2869 docens,
818 2792 910 2856 modo
921 2813 993 2856 vero
1004 2791 1256 2878 exhomologesin

102 2895 231 2972 faciens,
262 2893 354 2958 modo
378 2914 450 2957 vero
473 2895 513 2958 ab
537 2893 692 2980 aliquibus
714 2895 876 2960 traductus
899 2896 931 2960 in
956 2895 1006 2959 his
1032 2918 1101 2981 quae
1126 2895 1259 2961 docebat

102 2997 194 3076 male,
210 3003 261 3062 ⁴et
274 2997 438 3061 abstentus
452 3003 501 3060 est
515 3017 535 3060 a
549 2995 761 3083 religiosorum
776 2997 935 3061 hominum
948 3007 1114 3063 conventu.

151 3180 161 3212 ¹
179 3181 283 3238 Gitana,
299 3179 384 3228 Mass.
398 3178 447 3228 and
465 3179 579 3228 &rrum
592 3181 656 3229 have
756 3180 766 3211 ⁴
783 3181 899 3230 Nolendo
910 3190 966 3230 eunt
977 3182 1101 3245 imprimis
1109 3181 1159 3232 lvoeo
1169 3182 1259 3231 Irenoei

103 3278 177 3324 neque
190 3260 252 3310 dum
264 3276 297 3308 on
314 3261 357 3308 tho
373 3260 424 3308 sole
435 3261 563 3326 authority
575 3261 603 3309 oi
613 3263 657 3311 the
708 3263 779 3310 rerba
797 3262 827 3311 de
850 3264 956 3313 Cerdone
976 3263 1109 3313 Hoerctico:
1125 3280 1192 3327 quem
1205 3272 1261 3327 post

104 3343 184 3392 Voss.
207 3341 274 3402 MS,
293 3342 319 3390 in
334 3342 415 3390 which
428 3342 543 3391 however
557 3342 616 3391 dum
637 3344 657 3391 is
709 3343 877 3406 corpsescr'onem
896 3344 1008 3394 temen
1026 3346 1054 3394 iu-
1072 3346 1200 3395 Bedaium
1217 3346 1261 3394 σὼ

103 3424 258 3475 substituted
279 3425 319 3473 for
340 3423 411 3473 mita.
445 3425 472 3473 It
493 3425 514 3473 is
535 3425 657 3474 therefore
709 3425 808 3475 mimum
820 3426 899 3489 fuisse
914 3426 974 3476 dicit
991 3429 1021 3477 uh
1038 3428 1138 3490 Hygino
1152 3429 1261 3477 Romano

105 3507 239 3566 canoelled,
264 3506 314 3554 and
335 3506 357 3554 it
376 3505 397 3553 is
419 3506 588 3570 superfluons;
615 3508 658 3556 tho
710 3508 1094 3572 Pordifice,uodeinceprinurbe
1105 3512 1182 3560 Roma
1193 3526 1261 3558 mao-

105 3590 188 3639 Greek
199 3588 272 3638 reads
283 3587 409 3652 naturally
415 3604 451 3648 as,
465 3591 492 3637 οὐ
503 3592 552 3652 γὰρ
564 3588 593 3648 ἢν
603 3585 657 3647 μετ’
709 3589 781 3645 κίονες
797 3607 863 3640 nnnc
878 3592 964 3641 occulte
980 3592 1175 3642 docrinarum
1190 3608 1260 3654 spor·

107 3673 186 3721 αὐτῶν
214 3670 230 3728 ἡ
253 3670 378 3730 ἐκκλησία,
402 3671 456 3717 οὐδὲ
477 3670 494 3728 ἡ
515 3671 658 3718 διδασκαλία
707 3679 806 3734 portent,
824 3689 889 3721 aune
899 3688 986 3722 rursus
1002 3673 1144 3734 confitentem
1158 3689 1263 3722 morem

106 3753 259 3816 ἑδραιωμένη.
278 3751 389 3800 Bruttus
399 3750 500 3799 readers
511 3750 659 3813 congregatio
710 3770 789 3814 cuum,
809 3770 875 3804 ouoc
890 3755 1021 3804 convictum
1036 3772 1121 3818 prouoe
1138 3754 1263 3803 heroice·

105 3836 139 3902 hy
155 3837 259 3895 σύναξα,
278 3833 326 3882 but
342 3833 470 3896 Syocgogo
486 3833 536 3882 and
553 3832 660 3882 Ecclesia
711 3853 755 3899 que
773 3837 897 3896 domo-im,
915 3852 984 3900 coque
999 3837 1096 3884 nomiae
1111 3836 1142 3884 od
1159 3835 1264 3883 Ecetram

105 3932 146 3965 ars
167 3929 338 3981 synonymous
360 3919 438 3963 terma
459 3915 485 3962 in
508 3930 529 3963 c.
543 3914 576 3963 vi.
617 3914 659 3963 110
712 3926 864 3980 segregatum.
900 3918 937 3966 Idu
948 3918 1033 3980 widuc
1044 3916 1152 3977 colligere
1162 3915 1222 3976 licet,
1235 3917 1264 3964 in

105 3999 157 4048 alac
173 4012 301 4062 expresses
317 3995 430 4045 doctrina
441 3997 474 4060 by
486 3998 658 4055 διδασκαλεῖον,
712 3999 822 4049 toruos
833 3999 935 4048 erimine
949 3997 1058 4046 seeundo
1075 3995 1217 4058 consessimn'
1232 3998 1264 4046 lo

106 4080 276 4131 whereaothat
284 4078 350 4127 word
358 4094 443 4127 meana
452 4094 467 4126 a
477 4078 569 4137 school,
579 4079 659 4128 which
713 4097 767 4131 cum
773 4081 868 4144 sume:
884 4087 904 4128 ct
919 4078 1047 4136 amicos,
1062 4077 1105 4139 qui
1113 4084 1166 4138 post
1176 4079 1264 4142 conser-

107 4163 213 4213 hsretica
224 4159 477 4224 unfortunatelytad
489 4160 592 4209 formed.
712 4160 1010 4212 manumissiones
1017 4157 1191 4207 morisooiod
1198 4162 1264 4223 pris·

153 4242 165 4276 ¹
183 4243 230 4292 Sec
248 4241 307 4292 Vol.
320 4254 339 4291 1.
355 4258 380 4306 p.
396 4256 451 4301 214,
466 4246 524 4290 note
537 4256 559 4301 ν,
580 4242 660 4290 where
712 4222 980 4306 cinnomannio
988 4243 1120 4305 rediissent,
1135 4259 1265 4308 quotam

106 4326 147 4376 the
158 4325 267 4391 position
285 4324 314 4372 of
329 4324 448 4388 Hyginus
465 4324 491 4372 in
508 4323 551 4373 the
562 4323 659 4372 Roman
713 4326 820 4388 relapsos
830 4341 948 4386 coccinus,
962 4327 1265 4389 tunolemporisadeecoo-

106 4409 246 4458 ruccaesion
263 4407 284 4455 is
300 4406 434 4455 dhounscd.
713 4405 772 4453 dom
784 4404 951 4466 consessionem
967 4413 987 4454 ct
996 4408 1163 4469 penitentiam
1176 4409 1266 4457 admis-

153 4490 164 4523 ⁸
181 4488 385 4550 Echonroloyeain.
419 4488 478 4537 Vol.
494 4500 512 4536 1.
531 4501 583 4546 ιον,
600 4503 625 4536 u.
639 4503 658 4547 r,
714 4486 843 4549 soasrricre.
866 4487 973 4536 Tandem
984 4506 1037 4538 uero
1051 4490 1135 4551 Cerdo,
1148 4490 1266 4539 convictus

108 4573 154 4621 and
166 4590 191 4637 p.
209 4568 263 4631 126,
276 4587 301 4620 n.
317 4584 339 4631 3.
715 4567 780 4630 quod
793 4574 848 4630 post
866 4568 931 4618 toties
948 4569 1060 4620 iteratam
1078 4571 1264 4633 Exomoloqeain,

210 4679 284 4723 von.
308 4679 342 4724 n.
1145 4658 1165 4722 2
