3000 4994
236 307 280 372 62
553 321 758 374 Psrnmrus
784 321 1064 375 svnuesmsm.

93 494 198 537 praru.
238 474 394 561 oportebit
408 494 463 540 eos
477 474 705 552 reviviscentes,
721 474 831 538 horum
846 473 912 538 fieri
933 473 1111 559 discipulos,
1127 481 1163 539 ut
1185 482 1218 540 et
1240 473 1300 558 ipsi
1322 494 1391 559 per-

74 543 222 676 ffiggffiss
240 578 316 644 fecti
338 579 426 643 fiant.
472 578 536 644 Sed
557 586 590 643 et
611 578 671 643 hoc
691 577 818 663 quidem
837 576 1001 642 ridiculum
1022 585 1079 641 est
1118 579 1305 664 Arguuntur
1319 597 1392 641 vero

72 681 245 768 ,2¹2⁷—
236 681 289 747 isti
319 703 383 746 uon
411 681 536 767 quidem
567 681 799 766 Apostolorum,
830 680 885 744 sed
914 701 979 744 suec
1008 679 1098 744 malae
1127 679 1290 745 sententiae
1322 701 1392 743 esse

236 783 391 870 discipuli.
437 784 571 869 Propter
591 784 651 848 hoc
672 793 777 847 autem
798 790 831 847 et
853 784 946 847 variae
968 783 1131 847 sententiae
1148 790 1222 847 sunt
1241 783 1390 847 uniuscu-

230 885 346 972 jusque
360 909 477 965 eorum,
493 886 672 972 recipientis
691 908 827 951 errorem
848 887 1107 971 quemadmodum
1124 887 1277 973 capiebat.
1326 886 1388 951 Ec·

235 987 330 1053 clesia
347 1009 419 1053 vero
435 1009 492 1076 per
506 989 683 1053 universum
706 988 856 1052 mundum
877 991 918 1053 ab
942 988 1103 1074 Apostolis
1124 990 1248 1053 firmum
1270 988 1388 1053 habens

234 1091 369 1170 initium,
386 1092 419 1156 in
434 1114 497 1156 nna
516 1100 549 1156 et
565 1091 674 1156 eadem
696 1091 734 1156 de
756 1091 826 1156 Deo
841 1100 874 1157 et
889 1093 928 1158 de
945 1092 1028 1158 Filio
1044 1094 1111 1178 ejus
1127 1100 1303 1177 perseverat
1316 1113 1388 1155 sen-

234 1195 344 1261 tentia.

68 1312 203 1355 ammae
301 1301 349 1364 10.
398 1297 562 1385 Philippus
582 1305 689 1362 autem
711 1318 816 1362 rursus
837 1298 967 1384 spadoni
989 1299 1104 1387 reginae
1127 1298 1318 1384 AEthiopum
1340 1321 1387 1364 re-

67 1369 109 1411 *i
232 1401 365 1466 vertenti
380 1423 401 1466 a
416 1400 653 1487 Hierosolymis,
669 1410 701 1466 et
715 1400 831 1489 legenti
807 1403 984 1468 tEsaiam
999 1406 1191 1490 prophetam,
1212 1405 1298 1468 solus
1316 1404 1385 1482 soii,
1399 1427 1425 1469 o.
1436 1430 1477 1469 aa.

68 1523 172 1609 parm
110 1523 207 1575 vina
233 1525 324 1592 quem
339 1502 556 1569 annuntiavit?
593 1503 705 1569 Nonne
719 1527 791 1569 eum
806 1506 845 1571 de
861 1530 922 1591 quo
937 1507 1018 1572 dixit
1031 1507 1199 1593 propheta:
1221 1509 1385 1593 Tanquam

67 1615 114 1661 7ΒΊ
232 1608 295 1671 ocia
313 1607 359 1670 ad
382 1607 549 1670 occisionem
569 1607 676 1671 damas
702 1616 752 1686 est,
771 1609 1019 1694 queamdmodum
1047 1633 1143 1697 αρυυι
1168 1619 1238 1675 cmc
1264 1611 1386 1674 tonden-

232 1720 291 1775 tem
311 1734 341 1776 ac
354 1712 418 1775 ιυίνο
432 1733 508 1790 occe,
532 1712 575 1775 ric
589 1733 648 1775 οοη
661 1714 785 1798 apernit
773 1712 854 1777 tor?
897 1713 1100 1779 Nativitatem
1119 1724 1220 1778 actem
1242 1714 1305 1800 ay’ua
1319 1715 1386 1800 quis

66 1947 203 2044 83³⁸qu
233 1930 367 2002 Τοῦτον
407 1931 485 2002 εἶναι
521 1931 659 2017 Ἰησοῦν,
698 1933 752 2003 καί
785 1935 1073 2033 πεπληρῶσθαι’
1057 1966 1090 2004 εν
1119 1935 1207 2024 αὗτῷ
1237 1933 1383 2032 γραφὴν,

232 2047 272 2122 ὡς
301 2042 399 2122 αυτὸς
432 2047 450 2117 ὁ
482 2046 631 2142 εὖνουχος
661 2046 816 2130 πεισθείς,
849 2046 902 2117 καί
941 2047 1129 2146 παραυτίκα
1158 2044 1257 2142 ἀξιῶν
1290 2048 1384 2134 βαπ-

230 2160 394 2242 τισθῆναι,
420 2158 529 2249 ἔλεγε·
556 2157 802 2230 ῐΠιστεύω
763 2190 824 2230 που
844 2158 927 2231 Υίόν
950 2192 1011 2232 που
997 2159 1181 2231 Α’θεοῦ
1150 2191 1227 2231 ειναι
1255 2158 1384 2242 Ἰησοῦν

229 2269 398 2370 Χριστόν.
441 2271 506 2349 *Or
525 2270 579 2341 καί
605 2271 761 2370 ἐπέμφθη
790 2274 833 2349 είς
860 2270 906 2344 τὰ
932 2274 1081 2357 κλίματα
1110 2272 1301 2356 Αἰθιοπίας,
1328 2305 1383 2355 κη-

228 2380 333 2483 ριίξιον
362 2389 476 2468 τοῦτο,
506 2385 590 2483 ὅπερ
621 2385 807 2468 ἐπίστευσε,
838 2383 923 2456 θεὸν
955 2384 1014 2470 μὲν
1045 2388 1109 2470 ἕνα,
1143 2385 1205 2458 τὸν
1234 2383 1287 2457 ded
1316 2390 1383 2458 τῶν

229 2502 416 2595 προφητῶν
442 2496 686 2596 κεκηρυγμένον·
718 2499 842 2570 τούτου
871 2496 906 2569 di
932 2497 993 2572 τὸν
1010 2497 1091 2569 Υἰὸν
1121 2499 1181 2581 την
1210 2496 1298 2570 κατὰ
1328 2497 1382 2568 ἄν·

229 2611 362 2708 θρωπον
399 2608 455 2693 ἤδη
490 2615 693 2693 πεποιῆσθαι
730 2612 926 2711 παρουσίαν,
960 2613 1013 2682 καί
1050 2615 1091 2688 w‘e
1124 2613 1305 2710 πρόβατον
1340 2613 1383 2688 εἷς

228 2723 369 2821 σφαγὴν
401 2727 487 2820 ἤχθη
517 2719 559 2829 [l.
581 2718 749 2828 ἦχθῆναι],
769 2724 824 2794 καί
852 2722 897 2796 τὰ
921 2722 1036 2809 λοιπὰ,
1058 2726 1124 2796 ὅσα
1145 2728 1178 2796 οἱ
1203 2731 1380 2824 προφῆται
1395 2744 1424 2784 ιι.
1435 2745 1475 2789 νυν.

227 2836 368 2928 λέγουσι
396 2835 472 2935 περὶ
502 2834 611 2906 advoc.

62 2961 198 3060 gffilffim·
311 2968 366 3017 11.
407 2946 567 3024 Παιῖλος.
582 2945 711 3031 ..μετὰ
739 2946 782 3020 τὸ
813 2950 847 3019 ἐκ
867 2955 929 3020 τοῦ
953 2950 1090 3049 οὐρανοῦ
1114 2957 1262 3033 λαλῆσαι
1292 2951 1382 3040 edroi

226 3168 411 3234 enarrabit?
432 3171 574 3257 quoniam
588 3170 709 3236 tolletur
723 3194 743 3235 α
759 3181 845 3235 terra
860 3172 924 3236 cito
940 3171 1010 3256 ejas.
1057 3169 1153 3236 Hunc
1173 3192 1242 3236 esse
1256 3169 1280 3234 J
1282 3192 1381 3251 esum,

226 3280 260 3338 et
274 3273 432 3359 impletam
447 3295 517 3339 esse
533 3273 565 3338 in
577 3296 615 3340 eo
631 3274 843 3361 scripturam
869 3275 1130 3360 quemadmodum
1141 3274 1207 3361 ipse
1222 3275 1382 3339 eunuchus

61 3400 201 3448 ιιιιιιιιν.
226 3375 365 3454 credens,
381 3383 413 3441 et
427 3377 535 3441 statim
555 3376 717 3464 postulans
738 3376 887 3463 baptisari
906 3376 1049 3441 dicebat:
1073 3376 1169 3440 Credo
1183 3375 1304 3439 Filium
1318 3376 1382 3441 Dei

226 3502 284 3545 osec
297 3481 412 3546 [οσανν.
437 3481 497 3564 Qui
513 3490 546 3547 et
561 3482 675 3548 missus
689 3482 779 3547 estin
794 3481 937 3568 regiones
952 3479 1140 3565 AEthiopiae,
1156 3479 1381 3565 praedicaturus

226 3583 286 3649 hoc
300 3584 383 3669 quod
397 3585 464 3670 ipse
478 3585 660 3663 crediderat,
677 3585 780 3650 Deum
796 3584 920 3669 quidem
936 3605 1031 3648 unum
1045 3604 1100 3669 per
1118 3582 1285 3668 prophetas
1302 3605 1381 3667 prae-

225 3687 380 3765 dicatum3
396 3689 490 3775 hujus
498 3711 571 3755 vero
581 3689 699 3754 Filium
710 3689 807 3777 ’[odj.
817 3686 901 3774 jam]
913 3687 1023 3753 secisse
1037 3687 1207 3752 secundum
1221 3686 1381 3751 hominem

224 3792 401 3873 adventum,
417 3802 449 3859 et
463 3803 499 3859 ut
514 3817 601 3860 ovem
616 3794 657 3859 ad
671 3793 830 3859 victimam
843 3792 982 3870 ductum,
997 3789 1171 3876 etreliqua,
1188 3811 1380 3877 quaecunque

225 3897 385 3984 prophetae
400 3897 508 3962 dicunt
523 3897 562 3962 de
577 3918 624 3962 eo.

60 4014 172 4057 aerae
292 4002 343 4065 ll.
382 3999 500 4065 Paulus
518 4020 640 4086 quoque
662 4005 695 4063 et
718 3996 795 4084 ipse,
816 4003 1019 4083 posteaquam
1037 3994 1076 4060 de
1093 3993 1172 4060 ocelo
1192 3992 1316 4059 locutus
1330 4002 1380 4060 est

273 4208 379 4261 lcredo
401 4212 497 4262 Filium
519 4212 568 4262 Dei
589 4226 643 4272 erec,
662 4212 705 4260 dc.
739 4210 777 4259 Ea·
824 4208 888 4258 tario
912 4206 1033 4268 emiorum,
1057 4207 1086 4256 ι’νι
1111 4222 1154 4256 ruo
1180 4206 1266 4257 Codice
1288 4207 1377 4269 lectore.

222 4288 273 4350 dcc,
292 4297 313 4338 ct
332 4293 454 4353 parallelo
471 4294 522 4342 loco
539 4294 581 4344 lio.
601 4305 637 4342 vv.
658 4307 712 4354 cup.
733 4307 772 4352 40,
824 4288 893 4339 Herc
915 4290 1029 4338 however
1050 4288 1177 4336 Ianusue
1204 4287 1313 4351 supplies
1335 4288 1378 4336 the

218 4377 291 4432 pota,
312 4371 431 4422 Imoeum
447 4391 540 4424 cri-non
557 4387 595 4438 37,
613 4390 666 4438 cup.
681 4375 704 4434 8,
718 4375 772 4424 Act.
824 4371 1010 4421 similerdefect
1024 4370 1053 4419 of
1066 4371 1109 4420 the
1127 4368 1214 4433 Syriae
1225 4370 1331 4430 version,
1351 4371 1377 4418 in

221 4450 326 4514 sponoe.
350 4454 377 4502 ia
394 4455 562 4505 Alcoecadrtno
580 4456 683 4520 aliisqroe
700 4456 772 4505 MSS.
824 4455 905 4504 which
916 4454 968 4502 also
979 4470 1003 4503 v.
1014 4465 1044 4515 37
1055 4453 1076 4501 is
1088 4452 1206 4514 wanting.

223 4530 297 4581 Ocdd.
324 4533 447 4599 ipriurproe
470 4537 630 4601 Chrysorroas·
654 4539 775 4590 Commea-
872 4532 949 4598 ’jam
959 4529 1310 4598 perhapsialostinFilicm.
