3000 4994
232 325 300 390 334
602 339 628 392 n
652 338 790 393 sarnus
815 338 1021 391 eumeleus

97 513 192 602 taff-ll·
235 498 359 577 Καθὼς
385 499 439 571 καὶ
463 503 602 571 πολλῶν
629 499 787 585 ἆκούομεν
811 497 967 598 ἆόελφῶν
989 499 1022 568 ἐν
1048 500 1090 591 τῇ
1118 497 1285 589 ἐκκλησίᾳ,
1307 527 1395 596 προ-

237 610 364 713 omre&
386 613 586 712 χαρίσματα
612 614 765 709 ἑχόντων,
788 612 843 683 καὶ
867 609 1099 687 παντοδαταῖς
1122 611 1316 681 λαλούντων
1338 607 1393 680 διὰ

75 701 301 798 Lech*
318 727 504 811 πνεύματος
527 727 708 817 γλώσσαις,
740 723 794 796 καὶ
823 721 868 796 τό
894 725 1019 824 κρύφια
1047 728 1113 794 τῶν
1143 724 1322 823 ἀνθρώπων
1349 724 1394 798 εἰς

72 812 121 906 iil·
131 813 193 855 Μ’
240 835 387 938 φανερόν
411 838 564 930 ἀγόντων
588 838 643 910 ε’πό
669 841 718 929 τῷ
740 837 958 936 συμφέροντι,
985 834 1039 907 καὶ
1063 834 1108 907 τὰ
1133 839 1302 934 μυστήρια
1328 840 1394 906 τοῦ

236 951 324 1023 θεοῦ
339 949 600 1043 ἐκόιηγονμὲνων.

235 1105 303 1195 ipse
319 1105 514 1193 loquebatur.
559 1103 828 1187 Quemadmodum
843 1110 876 1169 et
895 1101 1010 1168 multos
1027 1102 1202 1168 audivimus
1219 1103 1331 1167 fratres
1358 1102 1393 1166 in

235 1207 388 1286 Ecclesia,
403 1206 586 1294 prophetica
600 1206 752 1272 habentes
771 1205 968 1283 charismata,
984 1212 1017 1270 et
1032 1228 1087 1292 per
1102 1205 1252 1290 Spiritum
1269 1204 1392 1270 univer-

234 1311 280 1377 sis
288 1310 404 1399 linguis
415 1311 585 1396 loquentes,
598 1316 630 1375 et
639 1310 791 1375 absconsa
799 1308 959 1373 hominurn
971 1309 1003 1371 in
1012 1308 1211 1372 manifestum
1216 1306 1392 1394 producen-

234 1421 285 1480 tes
305 1414 346 1478 ad
365 1413 543 1491 utilitatem,
566 1421 599 1479 et
620 1411 769 1498 mysteria
787 1411 848 1476 Dei
871 1421 1061 1488 enarrantes,
1078 1432 1156 1497 quos
1179 1419 1212 1475 et
1233 1410 1393 1495 spiritales

234 1517 409 1603 Apostolus
431 1524 538 1594 vocat3
566 1517 736 1582 secundum
758 1515 1028 1602 participationem
1052 1515 1186 1601 Spiritus
1203 1512 1392 1579 exsistentes

236 1619 402 1706 spiritales,
426 1619 483 1685 sed
506 1640 569 1684 non
592 1618 763 1684 secundum
788 1617 1054 1682 defraudationem
1076 1626 1108 1682 et
1131 1615 1391 1700 interceptionem

235 1723 348 1802 carnis,
373 1731 406 1788 et
431 1721 514 1786 nude
538 1721 599 1786 hoc
622 1720 725 1807 ipsum
748 1719 859 1785 solum.
906 1719 941 1784 Si
964 1719 1049 1783 enim
1070 1717 1279 1784 substantiam
1300 1717 1392 1783 tollat

234 1824 348 1912 aliquis
369 1824 483 1904 carnis,
506 1824 606 1889 idest
627 1822 798 1909 plasmatis,
821 1829 854 1888 et
875 1823 957 1887 nude
979 1821 1100 1907 ¹ipsum
1123 1821 1224 1887 solum
1245 1821 1392 1906 spiritum

236 1927 401 2016 intelligat,
421 1929 490 2015 jam
511 1948 575 1991 non
597 1923 745 2012 spiritalis
759 1925 853 1990 homo
868 1931 917 1990 est
932 1924 1014 2011 quod
1029 1932 1078 1989 est
1095 1924 1168 2002 tale,
1183 1923 1240 1989 sed
1262 1923 1392 2010 spiritus
1404 1953 1479 1998 m,

235 2029 381 2110 hominis,
396 2037 452 2095 aut
474 2028 610 2116 Spiritus
631 2027 704 2093 Dei.
749 2027 830 2093 (ium
850 2035 957 2093 autem
978 2026 1107 2112 spiritus
1128 2027 1180 2093 hic
1201 2027 1392 2092 commixtus

235 2131 349 2198 enimse
372 2133 480 2198 unitur
501 2130 657 2219 plasmati,
681 2137 809 2218 propter
831 2130 1011 2196 effimionem
1038 2128 1172 2216 Spiritus
1190 2129 1339 2217 spiritalis
1357 2136 1391 2195 et

236 2237 393 2324 perlectus
406 2237 500 2303 homo
514 2236 617 2301 iactus
631 2243 701 2300 est:
723 2233 822 2300 ethic
837 2240 885 2298 est
908 2233 961 2319 qui
982 2233 1152 2299 secundum
1171 2233 1339 2320 imaginem
1358 2241 1391 2300 et

236 2336 471 2404 similitudinem
493 2337 596 2402 lactus
613 2341 663 2400 est
685 2333 759 2401 Dei.
796 2333 830 2398 Si
845 2341 952 2399 autem
967 2333 1099 2398 deluerit
1113 2333 1226 2397 animae
1243 2333 1389 2418 Spiritus,

236 2439 380 2506 animalis
401 2448 451 2506 est
468 2460 551 2518 vere,
572 2438 625 2524 qui
647 2445 697 2502 est
712 2437 794 2516 talis,
810 2443 843 2502 et
863 2436 996 2502 carnalis
1010 2436 1176 2502 derelictus
1191 2435 1391 2522 imperfectus

237 2541 316 2608 erit:
340 2541 526 2629 ²imaginem
546 2531 672 2626 quidem
689 2539 809 2604 habeus
828 2539 861 2602 in
878 2538 1041 2624 plasmate,
1061 2538 1294 2603 similitudinem
1317 2561 1391 2604 vero

237 2667 301 2711 non
315 2664 478 2711 assumens
492 2665 547 2730 per
562 2642 729 2730 Spiritum;
752 2643 834 2708 sicut
848 2651 953 2708 autem
969 2642 1021 2708 hic
1036 2642 1235 2728 imperfectus
1245 2651 1304 2708 est.
1337 2643 1391 2710 Sic

237 2747 352 2816 iterum
364 2747 392 2813 si
407 2746 477 2832 quis
491 2746 581 2812 tollat
593 2745 772 2833 imaginem,
785 2753 818 2810 et
832 2749 980 2830 ¹³spernat
995 2745 1124 2830 plasma,
1135 2747 1203 2832 jam
1218 2766 1281 2811 non
1291 2745 1392 2811 homi·

237 2873 311 2917 nem
325 2849 497 2938 intelligere
512 2855 626 2936 potest,
642 2847 697 2913 sed
718 2856 773 2914 aut
788 2856 910 2933 partem
932 2848 1069 2934 aliquam
1083 2849 1227 2929 hominis,
1243 2850 1391 2935 quemad-

287 2986 297 3020 ¹
314 2987 365 3037 Aa
377 2987 493 3050 idipsum.
840 2988 954 3048 Omont,
979 2987 1100 3052 adopting
1120 2989 1238 3053 partially
1258 2989 1302 3038 the
1323 3006 1392 3039 same

286 3066 299 3099 ¹
313 3069 366 3117 The
377 3085 445 3118 same
456 3069 600 3118 distinction
617 3085 676 3134 may
686 3070 744 3119 here
759 3070 790 3120 be
839 3070 935 3129 notion,
947 3069 1070 3118 describes
1085 3086 1144 3118 man
1161 3086 1229 3132 upon
1244 3072 1314 3120 earth
1325 3077 1352 3121 to
1361 3073 1392 3122 be

236 3149 321 3200 treced
332 3150 442 3199 between
454 3151 497 3198 the
508 3151 621 3215 spiritual
632 3151 725 3213 Adam,
739 3168 788 3200 cre·
840 3153 866 3202 in
877 3153 921 3202 the
931 3154 1014 3216 image
1024 3153 1052 3202 of
1064 3153 1120 3202 God
1126 3171 1134 3215 ;
1151 3153 1194 3202 the
1205 3154 1341 3204 similitude
1350 3157 1393 3205 be·

236 3231 295 3281 atad
305 3231 370 3280 alter
380 3232 423 3281 the
433 3231 540 3281 likeness
556 3233 586 3281 of
599 3232 664 3293 God,
679 3233 729 3282 and
747 3233 790 3282 the
839 3233 884 3296 ing
894 3233 1007 3281 reserved
1018 3233 1056 3281 lor
1066 3234 1160 3283 heaven
1170 3251 1177 3296 ;
1191 3253 1217 3283 π.
1231 3237 1286 3298 όρχ.
1299 3248 1342 3285 111.
1355 3238 1390 3286 vi.

236 3314 338 3379 psychic
348 3313 440 3374 Adam,
453 3313 507 3363 into
518 3315 599 3363 whom
611 3315 655 3364 the
665 3315 753 3365 bresth
764 3316 793 3366 ol
841 3313 866 3363 S.
878 3315 1018 3366 Aeonem<
1029 3331 1154 3378 expresses
1165 3317 1208 3365 the
1216 3317 1391 3367 samedistinc·

236 3391 278 3442 life
292 3408 344 3441 was
360 3392 488 3453 bresthed,
501 3392 558 3441 that
568 3409 605 3441 we
616 3394 741 3443 harahad
752 3410 790 3444 oc·
840 3397 892 3445 tion
904 3397 938 3460 by
945 3397 983 3444 his
993 3401 1044 3444 two
1054 3400 1139 3457 terme,
1148 3398 1277 3446 Ιίςνιοοαιίο
1284 3400 1335 3447 and
1346 3400 1390 3448 In·

235 3473 320 3524 caslon
331 3477 359 3522 to
369 3474 453 3523 notice
468 3473 494 3523 in
509 3475 553 3523 the
563 3474 713 3525 Rabbinical
723 3477 791 3526 theo
839 3477 942 3527 αοοανίο.
975 3478 1028 3526 The
1044 3479 1193 3540 schoolmen,
1217 3496 1245 3528 as
1262 3482 1343 3544 might
1360 3482 1392 3530 be

235 3555 294 3620 logy
304 3554 506 3619 (Prcf.Rem.1v.
516 3557 598 3606 where
613 3557 645 3606 cl.
660 3559 740 3609 retu.
750 3558 790 3623 4);
839 3558 970 3623 imagined,
984 3559 1052 3608 draw
1062 3577 1078 3609 a
1088 3561 1182 3610 similar
1191 3562 1336 3612 distinction
1350 3564 1392 3613 be·

234 3637 317 3686 which
334 3637 420 3686 Pium
436 3637 488 3686 also
510 3637 624 3702 adopted,
643 3639 713 3699 thid„
740 3641 790 3689 and
838 3641 1391 3704 tweentheinmpe,andtheeimilitudcwhich

234 3720 292 3784 Lep.
304 3720 384 3782 Allcp.
395 3735 434 3786 29,
446 3721 517 3784 όγόρ
526 3721 580 3769 κατ’
589 3722 667 3770 εἰκόνα
676 3725 703 3770 οὐ
709 3724 790 3784 γήϊνος
838 3722 898 3785 they
907 3722 1058 3772 understood
1068 3728 1096 3772 to
1104 3741 1176 3774 mean
1188 3726 1232 3774 the
1244 3727 1300 3775 ein
1310 3728 1340 3775 of
1347 3729 1392 3776 the

235 3802 291 3852 ἀλλ’
302 3803 421 3864 οόρόνιοςς
437 3803 488 3851 and
504 3818 573 3851 more
590 3803 718 3868 definitely
729 3805 788 3854 else·
839 3802 924 3866 Spirit,
945 3803 1017 3852 while
1040 3806 1083 3854 the
1100 3806 1192 3855 former
1208 3806 1325 3857 involved
1347 3810 1393 3857 the

233 3885 323 3944 where,
342 3886 446 3948 όιαφορό
464 3885 622 3946 παμμεγέθης
637 3887 691 3934 ἐστι
706 3887 750 3934 τοῦ
762 3903 789 3934 τε
837 3885 907 3933 three
918 3885 1006 3949 higher
1014 3887 1126 3936 tacultiee
1135 3888 1164 3936 of
1172 3888 1215 3937 the
1221 3890 1284 3949 soul,
1293 3891 1393 3939 accord-

233 3967 274 4013 νῦν
288 3966 439 4014 πλασθέντας
453 3966 586 4026 ἀνθρώπου,
606 3966 646 4013 καὶ
665 3967 708 4013 τοῦ
726 3967 789 4014 κατὰ
837 3964 882 4028 ing
900 3970 928 4014 to
946 3967 1043 4028 Pharo,
1063 3968 1126 4029 δόξα,
1145 3972 1240 4030 γνῶσις,
1260 3969 1310 4018 aud
1330 3973 1403 4021 νοῦς.-

233 4046 279 4104 τὴν
290 4046 368 4093 εἰκόνα
379 4046 441 4094 Θεοῦ
456 4047 587 4108 γεγονότος
604 4047 727 4108 πρότερον.
758 4048 788 4096 '0
838 4047 877 4112 By
888 4048 1001 4109 thetirst,
1015 4051 1058 4098 the
1069 4051 1123 4099 soul
1135 4051 1231 4099 divinas
1242 4052 1355 4101 thslsws
1367 4054 1398 4101 of

233 4130 277 4188 μὲν
295 4130 344 4191 ’γὰρ
358 4131 516 4179 όιαπλασθεός
532 4129 586 4189 ἤδη,
607 4131 729 4190 αἰσθητός,
749 4148 789 4189 με·
837 4130 922 4195 things
933 4131 1089 4196 perishable;
1105 4133 1140 4197 by
1151 4133 1193 4181 the
1204 4134 1304 4194 second,
1317 4135 1338 4182 it
1351 4152 1395 4200 ap

233 4211 312 4272 τέχων
329 4212 463 4272 ποιότητος,
484 4213 511 4260 ἐκ
526 4213 636 4271 σώματος
653 4213 693 4260 καὶ
710 4215 789 4274 ψυχῆς
837 4213 959 4276 praelatas
969 4215 1154 4264 mathematical
1167 4216 1261 4280 verity;
1274 4217 1348 4266 while
1360 4219 1396 4283 by

233 4295 359 4353 συνεστὼς,
374 4294 433 4355 ἀνὴρ
443 4311 459 4352 η
470 4295 540 4355 γυνὴ,
559 4294 631 4354 φύσει
648 4295 732 4353 θνητός
743 4295 786 4342 κόν·
837 4295 880 4344 the
902 4296 977 4356 third,
997 4297 1017 4344 it
1039 4297 1219 4361 contemplatae
1238 4299 1281 4347 the
1298 4301 1396 4350 eternsl

233 4372 284 4421 όδὲ
295 4376 358 4422 κατὰ
369 4376 413 4432 τὴν
424 4376 511 4434 εἰκόνα,
525 4375 576 4423 tcta
588 4391 624 4423 τις
639 4372 657 4433 ἥ
675 4376 752 4436 γένος,
772 4375 789 4435 ἢ
836 4376 912 4425 ideas.
948 4376 1070 4441 Compare
1084 4378 1135 4426 also
1150 4390 1167 4427 1.
1183 4392 1223 4443 49,
1237 4379 1287 4427 and
1299 4392 1326 4430 v.
1339 4383 1393 4431 xvi.

233 4455 340 4515 σφραγὶς
351 4456 433 4514 νοητός
442 4457 577 4514 ἀσώματος,
590 4455 640 4503 οὔτ’
650 4457 723 4518 όρῤην
733 4459 788 4505 atre
837 4457 889 4506 also
901 4457 983 4508 Casu.
997 4461 1046 4508 An.
1059 4459 1083 4507 S.
1097 4471 1126 4508 11.
1143 4474 1180 4522 ιο.

233 4535 313 4594 θῆλυς,
328 4536 451 4597 ἄφθαρτος
462 4540 541 4598 φύσει.
576 4537 667 4586 Marad.
685 4538 730 4599 Op.
747 4536 785 4598 46.
886 4539 1017 4603 8τροπαὶ,
1033 4542 1147 4603 όθετήσῃ,
1163 4543 1265 4603 cbroyet.
