3000 4994
451 370 477 422 a
500 369 707 423 oannrunn
733 367 972 422 urrunnruu.
1221 351 1289 418 375

39 522 255 588 nostratum
269 530 328 602 est,
343 531 376 589 et
390 525 538 611 pependit
552 547 646 610 super
664 525 794 611 lignum,
814 525 861 589 uti
879 524 1023 589 universa
1040 524 1072 587 in
1087 523 1290 609 semetipsum
1331 534 1384 621 {gp
1394 534 1421 620 ξ·

139 626 384 712 ¹recapitnletur.
437 630 481 693 Et
509 630 558 693 rui
581 630 707 716 proprii
732 628 821 693 illem
849 651 909 693 eea
933 635 1109 714 receperant
1138 627 1289 704 homines,
1310 608 1444 715 ffisiflf·

138 728 397 815 quemadmodum
417 732 567 817 ²Moyses
588 733 648 796 hoe
667 732 768 818 ipsum
790 733 1001 797 manifestavit
1019 733 1052 794 in
1073 731 1205 818 populo:
1229 721 1451 805 'Et-{llff’ss

139 834 199 896 ere't
214 834 278 897 cita
293 842 347 897 tea
357 835 494 918 penderes
508 846 578 899 arete
592 835 689 899 acates
708 845 781 912 teor,
798 845 826 900 et
840 857 899 899 aee
918 835 1021 900 eracles
1037 837 1107 899 eitoe
1122 845 1194 899 ree.
1228 835 1288 917 Qui
1299 833 1363 919 (ἔξω
1372 832 1447 873 xxvur.

137 934 233 1019 igitur
247 957 310 998 nou
325 939 524 1022 ⁴receperunt
540 937 634 1014 illum,
651 960 714 1003 nou
728 946 915 1024 acceperunt
928 937 1035 1002 vitam.
1075 938 1220 1024 Quotquot
1234 959 1290 1001 aa·

138 1046 197 1101 tem
208 1049 384 1123 receperant
395 1039 493 1117 illam,
509 1040 594 1104 dedit
609 1041 673 1104 tlte
681 1041 950 1126 potestatemfilioe
963 1041 1119 1122 Deifiere'.
1156 1041 1229 1126 Ipse
1243 1049 1293 1105 est

138 1140 221 1204 enim
236 1143 288 1225 qui
303 1143 514 1207 universorum
526 1152 712 1230 potestatem
725 1145 820 1209 habet
834 1167 854 1208 a
871 1145 976 1220 Patre,
989 1145 1135 1230 quoniam
1151 1145 1291 1210 Verbum

140 1242 211 1322 Dei,
224 1254 256 1309 et
265 1245 358 1310 homo
371 1268 471 1323 verus,
481 1247 686 1311 invisibilibus
701 1247 826 1333 quidem
839 1248 1045 1332 ⁶participans
1057 1247 1291 1328 rationabiliter,
1310 1292 1312 1297 »

140 1354 173 1410 et
188 1349 425 1414 ⁶sensuabiliter
442 1348 542 1435 legem
557 1358 709 1427 statuens,
727 1350 869 1415 universa
884 1372 1015 1437 quaeque
1032 1350 1065 1413 in
1079 1373 1136 1415 suo
1153 1372 1292 1435 perseve-

139 1472 208 1515 rare
220 1453 343 1527 ordinm
360 1475 453 1538 super
466 1453 598 1518 visibilia
610 1462 715 1518 autem
726 1463 758 1518 et
774 1454 910 1518 humana
924 1476 1059 1539 regnans
1072 1454 1247 1532 manifeste,
1259 1462 1293 1520 et

140 1554 285 1619 omnibus
299 1555 429 1641 dignum
443 1557 652 1642 superducens
663 1558 783 1643 justum
792 1557 963 1642 judicium:
986 1557 1246 1643 quemadmodum
1261 1566 1294 1624 et

141 1656 243 1719 David
259 1657 423 1721 manifeste
443 1657 633 1745 significans,
649 1658 713 1722 ait:
738 1659 824 1722 Deae
843 1668 942 1722 noster
960 1659 1245 1742 manifestatoria,
1267 1670 1296 1725 et
1308 1669 1455 1717 Perlbet

140 1780 199 1823 aea
214 1760 332 1825 tacebit.
370 1760 492 1825 Deinde
507 1768 539 1824 et
552 1760 634 1846 quod
648 1761 689 1825 ab
704 1782 742 1824 eo
756 1760 1006 1845 superinducitur
1015 1760 1179 1844 judicium,
1197 1761 1295 1825 mani·

141 1862 275 1940 lestavit,
291 1863 414 1928 dicens:
439 1863 528 1949 Ipair
542 1865 576 1928 iu
596 1873 749 1949 cmnpeeta
764 1863 827 1946 ejas
840 1862 971 1940 ardebit,
991 1873 1018 1928 et
1038 1863 1072 1927 ia
1087 1864 1218 1928 circaite
1233 1864 1296 1948 ejas

142 1975 295 2050 tempestas
315 1966 433 2030 aalide.
469 1966 641 2031 Advocabit
660 1967 767 2032 coelura
784 1967 839 2031 ὅσα
857 1988 985 2046 saraam,
1002 1975 1029 2031 et
1048 1976 1164 2032 terrem
1184 1968 1295 2032 discer-

142 2092 213 2135 eera
220 2071 371 2156 pepulere
384 2091 484 2137 raam.

600 2316 702 2382 OAP.
726 2316 833 2381 XlX.

145 2465 239 2540 Cam
272 2465 358 2538 Eua
398 2461 624 2538 inobediente
657 2476 690 2538 et
717 2463 1022 2562 praevaricatrice
1056 2477 1298 2563 comparatur

215 2582 263 2656 B.
284 2582 394 2678 Virpo
405 2580 457 2653 M
454 2579 551 2671 area,
564 2579 665 2654 illies
677 2579 874 2656 advocata:
894 2583 1171 2681 referanturque
1183 2581 1297 2657 varia

216 2713 248 2773 et
266 2697 479 2773 dissidentes
495 2698 650 2771 hareses.

43 2871 121 2911 Μ·
145 2871 175 2935 l.
213 2867 421 2931 Maurensrn
447 2866 553 2951 itaque
576 2865 610 2929 in
630 2886 688 2929 sua
713 2863 837 2950 propria
859 2863 1035 2929 venientem
1059 2864 1240 2943 Dominum,
1264 2874 1297 2932 et

142 2993 200 3036 sua
218 2971 342 3057 propria
363 2993 435 3037 eum
455 2969 630 3055 ⁰bajulante
651 2968 837 3046 conditione,
858 2990 928 3053 qnae
943 2968 1098 3053 bajulatur
1117 2970 1157 3034 ab
1172 2970 1249 3055 ipso,
1264 2980 1298 3036 et

142 3075 432 3159 recapitulationem
446 3076 515 3160 ejus
530 3094 599 3158 quae
616 3072 648 3135 in
662 3071 747 3158 ligno
761 3071 820 3135 luit
835 3071 1064 3149 inobedientiae,
1076 3094 1132 3158 per
1145 3094 1215 3137 eam
1227 3095 1297 3158 quae

144 3177 177 3241 in
191 3177 276 3264 ligno
291 3185 340 3242 est
354 3176 574 3252 obedientiam,
589 3173 767 3252 facientem,
782 3181 816 3238 et
830 3173 1028 3239 ⁷sednetione
1043 3174 1095 3239 illa
1109 3174 1220 3254 soluta,
1237 3197 1298 3263 qna

194 3351 204 3382 ¹
222 3351 332 3410 Cannu,
345 3351 405 3407 An,
420 3349 466 3397 bnt
477 3348 565 3396 Mune.
584 3359 614 3396 11.
633 3361 696 3394 reca-
747 3345 894 3407 paralleliem
905 3345 934 3394 of
945 3346 988 3394 tbe
1006 3351 1108 3395 context
1119 3347 1239 3397 indicates
1253 3363 1300 3410 prr

141 3433 285 3495 pituteatur,
309 3431 341 3480 al.
358 3430 565 3493 recapitularetur.
745 3443 797 3475 eam
809 3427 954 3490 bajulantem
966 3427 1130 3476 conditionem.

194 3514 461 3577 ’Meyerelrocipeam
483 3508 697 3560 Fortheaewords
794 3508 859 3557 ⁷Aa
875 3510 901 3558 in
918 3510 962 3558 the
978 3510 1029 3559 ΑΒ.
1068 3510 1121 3558 The
1141 3510 1185 3560 Cn
1203 3512 1249 3559 hae
1265 3526 1297 3560 er-

144 3599 195 3647 Au.
217 3597 288 3647 reads
310 3598 374 3645 from
397 3613 413 3644 a
432 3595 564 3660 preceding
582 3593 639 3651 line,
659 3590 697 3639 uri
745 3589 961 3638 deeenemitam
971 3590 1139 3652 colummae
1149 3591 1234 3650 relicta,
1247 3593 1297 3642 and

144 3680 276 3738 aaieerea;
292 3680 342 3728 and
356 3680 377 3727 it
392 3695 450 3742 may
461 3679 492 3725 be
506 3674 625 3725 obser-ved
640 3674 697 3722 that
744 3672 819 3719 omits
841 3671 901 3719 viro.
937 3671 1031 3719 Garun
1051 3687 1176 3735 compares
1198 3672 1297 3721 Jusms

143 3763 225 3811 where
236 3778 251 3810 a
265 3761 415 3810 transcribet
428 3758 514 3806 makes
528 3773 543 3804 a
556 3756 617 3805 salse
632 3759 692 3814 east,
745 3752 836 3802 Manu.
882 3753 933 3800 Kal
944 3754 983 3800 διὰ
994 3753 1037 3810 τῆς
1046 3753 1163 3812 παρθένου
1175 3755 1297 3815 ἅνθρωπος

144 3844 176 3892 he
196 3843 337 3891 sometimes
351 3838 455 3902 wilsully
471 3837 555 3885 alleves
571 3836 592 3884 it
605 3840 632 3883 to
646 3834 693 3882 die·
744 3834 980 3894 *reverberaverat
996 3832 1026 3881 δι’
1044 3829 1072 3891 ἧς
1090 3834 1145 3881 ὁδοῦ
1159 3835 1174 3892 ὴ
1189 3836 1238 3883 ἀπὸ
1253 3838 1298 3884 τοῦ

144 3926 215 3990 place
225 3925 268 3973 the
279 3930 336 3972 true
348 3926 402 3971 text
439 3920 484 3968 See
496 3935 520 3982 p.
535 3916 590 3978 376,
607 3931 628 3965 1.
744 3916 820 3976 ὄφεως
831 3916 942 3976 παρακοὴ
953 3915 998 3973 τὴν
1008 3915 1086 3976 ἀρχὴν
1096 3916 1178 3977 ἔλαβε,
1193 3918 1232 3965 διὰ
1242 3919 1297 3966 ταύ-

194 4007 299 4070 ³Seep.
316 4018 369 4066 174,
383 4020 408 4052 n.
424 4017 446 4064 3.
744 4015 787 4056 της
801 3999 844 4056 τῆς
860 3997 915 4045 ὁδοῦ
932 3998 972 4045 καὶ
988 3997 1121 4046 κατάλυσιν
1137 3999 1211 4060 λάβῃ·
1236 4016 1296 4062 παρ-

193 4089 266 4138 ⁴Cn
281 4088 416 4149 receerunt.
746 4080 810 4128 θένος
831 4080 881 4139 γὰρ
903 4080 963 4127 οὐσα
986 4079 1037 4125 nea
1065 4080 1104 4126 rel
1127 4080 1231 4141 ἄφθορος
1256 4082 1297 4130 τὸν

192 4171 203 4202 ⁸
217 4163 622 4232 participansrenrmbitior,cn,
633 4163 692 4222 AB„
744 4161 824 4220 λόγον,
846 4161 887 4208 τὸν
903 4160 951 4208 ἀπὸ
973 4162 1016 4208 τοῦ
1033 4161 1109 4221 ὄφεως
1129 4164 1295 4224 συλλαβοῦσα,

145 4253 242 4312 Mass,
255 4253 301 4300 but
312 4250 414 4307 Graan,
424 4248 531 4295 without
543 4245 645 4307 naming
656 4244 695 4292 hie
745 4244 869 4304 παρακολν
878 4242 917 4289 καὶ
928 4241 1031 4289 θάνατον
1039 4243 1115 4290 ἔτεκε·
1133 4244 1215 4290 πίστιν
1223 4246 1249 4293 δὲ
1257 4247 1298 4294 καὶ

145 4335 281 4396 authority,
291 4326 654 4393 prtaripmneandreeer'biliter.
744 4325 823 4385 χαρὰν
833 4325 944 4385 λαβοῦσα
956 4324 1040 4384 Μαρία
1057 4324 1072 4381 ἡ
1090 4326 1210 4385 παρθένος,
1227 4329 1296 4388 erlap-
1330 4345 1338 4351 ·

194 4412 498 4473 ⁶Au.,butChaeream.
515 4406 692 4465 Cn.,Auurtu.,
744 4406 897 4466 γελιζοριέυου
919 4404 983 4465 αὐτῇ
1006 4406 1115 4467 Γαβριὴλ
1141 4407 1296 4467 ἀγγέλου...

146 4497 255 4555 Oinoa,
279 4495 365 4543 Mauo,
386 4505 415 4541 11.
442 4489 569 4553 tejam.
600 4488 695 4536 Guntia
746 4487 898 4548 arrepturo·
927 4487 1021 4546 γένοιτό
1042 4505 1083 4546 μοι
1103 4490 1213 4537 κατὰτὸ
1234 4490 1298 4552 ῥῆμά

119 4592 124 4601 ·
146 4579 217 4629 reads
233 4578 299 4626 from
313 4576 356 4624 the
370 4575 450 4623 Voss.
468 4571 630 4636 metantes:
646 4566 697 4616 and
747 4585 799 4617 σου.
824 4566 895 4616 Dial.
908 4584 933 4631 p.
947 4578 1001 4629 327.
