3000 4994
463 357 661 412 SPOLIATIO
687 359 966 414 AEGYPTIORUM.
1219 345 1285 411 249

127 514 299 585 secuudum
325 515 399 601 quid
423 513 578 584 debitores
609 527 683 584 sunt
715 517 842 598 ethuici,
875 520 912 583 ¹a
940 515 1052 604 quibus
1081 521 1114 581 et
1140 515 1226 582 lucra
1251 522 1284 581 et
1320 527 1424 615 aggf·

128 622 281 688 utilitates
301 622 507 709 percipimus?
529 643 721 708 quaecunque
739 620 783 685 illi
805 643 876 686 cum
895 621 1000 686 labore
1020 628 1211 706 comparant,
1232 619 1282 684 his
1295 621 1447 661 ⁰R¹V·¹¹¹¹·

127 746 186 790 uos
201 725 233 789 in
248 722 310 790 lide
324 748 396 791 oum
411 723 509 790 simus
522 724 590 790 sine
605 724 709 790 labore
724 724 852 789 utimur.

194 831 224 893 2.
248 829 322 893 ²Ad
340 830 399 894 hoc
413 828 543 914 populus
562 828 729 913 pessimam
741 826 922 891 servitutem
937 826 1091 893 serviebat
1104 825 1280 914 AEgyptiis,

127 930 386 1016 quemadmodum
411 930 571 1016 Scriptura
592 930 655 995 ait:
679 929 814 995 Etcum
837 930 895 994 ⁸ui
910 940 1085 1017 potestatem
1108 927 1423 1019 coercebuntfgfflss·

128 1036 295 1121 ³AEppprii
319 1036 352 1100 in
369 1036 454 1118 filios
478 1034 592 1112 Israel,
613 1043 642 1099 ct
665 1035 698 1098 a'n
724 1034 828 1098 odium
852 1034 895 1099 cis
919 1031 1109 1098 adducebant
1128 1035 1224 1098 citam
1248 1032 1283 1096 in

128 1136 266 1222 moribus
285 1138 383 1215 duris,
404 1139 466 1202 luto
479 1147 509 1202 st
527 1137 630 1214 daturo,
647 1146 674 1201 ot
693 1136 827 1201 omuibus
841 1135 978 1224 oporibus
992 1135 1228 1222 quaescoiclont
1247 1136 1283 1201 iu

128 1241 251 1326 campis,
260 1262 322 1325 por
336 1242 438 1305 ornato
452 1262 545 1326 quera
560 1237 665 1326 quibes
680 1261 725 1304 cos
739 1237 946 1324 deprimebant
960 1260 1028 1302 cum
1049 1237 1114 1302 ³oi:
1138 1244 1171 1302 et
1185 1237 1282 1302 aedifi·

127 1352 275 1408 caverunt
298 1343 344 1408 eis
369 1343 511 1408 civitates
534 1341 679 1420 munitas,
705 1341 839 1407 multum
862 1341 1048 1419 laborantes,
1074 1348 1107 1407 et
1131 1350 1283 1428 augentes

127 1466 235 1508 eorum
250 1443 442 1509 substautias
461 1444 552 1508 aunis
566 1443 682 1521 multis,
702 1451 735 1508 et
753 1466 809 1530 per
822 1465 946 1509 omnem
966 1443 1093 1508 modum
1111 1443 1281 1524 servitutis,

127 1569 199 1612 cum
210 1548 254 1612 illi
269 1570 331 1612 uon
346 1549 446 1613 solum
462 1547 577 1634 ingrati
591 1553 696 1613 essent
710 1547 857 1613 adversus
870 1569 935 1626 eos,
956 1569 1062 1613 verum
1076 1554 1110 1611 et
1123 1546 1282 1613 universos

127 1672 183 1716 eos
203 1652 331 1736 perdere
351 1651 476 1717 vellent.
514 1650 597 1734 Quid
616 1649 713 1738 igitur
729 1649 845 1735 injuste
859 1657 984 1736 gestum
999 1658 1048 1714 est
1067 1648 1096 1712 si
1118 1670 1158 1713 ex
1176 1648 1282 1714 multis

126 1775 227 1840 pauca
245 1761 433 1831 sumserunt,
453 1763 486 1819 ct
504 1753 556 1840 qui
571 1761 737 1840 potueruut
756 1752 870 1817 multas
891 1751 1083 1817 substautias
1104 1752 1239 1817 ⁴habere
1254 1751 1282 1816 si

127 1878 190 1921 uon
212 1856 380 1922 servissent
400 1856 456 1935 eis,
483 1866 515 1921 et
537 1856 648 1921 divites
668 1857 765 1934 abire,
787 1856 1008 1942 paucissimam
1029 1856 1204 1922 mercedem
1225 1877 1281 1941 pro

127 1981 242 2046 magua
261 1959 409 2025 servitute
430 1959 619 2045 accipientes
638 1957 746 2046 inopes
763 1960 927 2025 abierunt!
971 1957 1239 2042 Quemadmodum
1253 1955 1282 2022 si

127 2062 197 2146 quis
211 2062 298 2140 liber,
312 2063 466 2128 abductus
480 2064 521 2127 ab
535 2061 639 2149 aliquo
657 2084 713 2149 per
727 2062 800 2140 vim,
819 2070 852 2127 et
866 2062 1002 2128 serviens
1016 2061 1045 2127 ei
1059 2062 1149 2126 annis
1163 2060 1280 2140 multis,

24 2185 106 2226 ema
126 2174 160 2230 et
185 2187 304 2252 angens
328 2165 535 2230 substantiam
563 2166 641 2251 ejus,
671 2172 750 2252 post'
769 2165 881 2231 deiude
909 2165 1035 2251 aliquod
1060 2164 1282 2231 adminiculum

128 2276 323 2347 consecutus,
347 2276 473 2354 putetur
492 2267 618 2354 quidem
638 2268 759 2333 modica
777 2269 921 2355 quaedam
941 2269 1009 2355 ejus
1027 2268 1151 2347 habene,
1175 2290 1283 2335 revera

127 2380 233 2436 autem
245 2394 286 2436 ex
300 2370 407 2436 multis
420 2371 578 2436 laboribus
593 2370 668 2451 suis,
684 2379 716 2436 et
731 2378 788 2437 ⁵ex
801 2372 1007 2457 acquisitione
1030 2392 1145 2460 magua
1164 2377 1283 2459 ⁶pauca

127 2474 300 2562 percipiens
314 2474 463 2553 discedat,
485 2482 518 2539 et
531 2474 591 2540 hoc
605 2476 646 2539 ab
660 2474 764 2560 aliquo
778 2476 948 2561 imputetur
961 2476 1000 2552 ei,
1016 2477 1104 2563 quasi
1119 2498 1183 2541 non
1196 2485 1281 2542 recte

127 2577 257 2643 fecerit?
281 2576 348 2664 ipse
370 2577 471 2663 magis
496 2577 634 2665 injustus
656 2578 754 2664 judex
776 2578 939 2664 apparebit
960 2580 989 2645 ei
1012 2581 1065 2665 qui
1086 2601 1143 2666 per
1164 2580 1226 2645 viru
1248 2579 1281 2644 in

127 2680 287 2746 servitium
306 2681 407 2745 fuerat
427 2681 590 2745 deductus.
636 2681 689 2746 Sic
709 2703 784 2768 ergo
802 2689 924 2747 suntet
944 2683 1131 2768 hujusmodi,
1153 2682 1205 2769 qui
1223 2682 1280 2745 im·
1292 2694 1441 2784 griffi-m

128 2791 240 2868 putant
252 2783 365 2870 populo
380 2805 475 2869 parva
488 2784 527 2848 de
543 2783 648 2848 multis
662 2783 843 2870 ⁷aocipienti
858 2784 938 2860 sibi;
962 2793 995 2851 et
1015 2785 1090 2871 ipsis
1105 2807 1166 2850 non
1182 2785 1280 2872 impu·
1375 2773 1379 2780 ⁶
1441 2771 1447 2784 ⁸

127 2895 206 2963 tant,
217 2888 268 2973 qui
282 2884 395 2951 nullam
411 2887 545 2973 gratiam
556 2908 596 2951 ex
611 2886 722 2951 merito
737 2895 900 2974 parentum
911 2887 1048 2952 debitam
1063 2888 1279 2963 reddidenrnt;

128 2987 192 3051 imo
215 2998 248 3053 et
273 2989 305 3053 in
330 2989 545 3074 gravissimam
568 2990 749 3054 servitutem
771 2990 957 3078 redigentes,
983 2990 1150 3054 maximam
1172 2991 1213 3054 ab
1235 2990 1282 3056 eis

128 3091 285 3155 consecuti
307 3100 381 3156 sunt
403 3091 587 3156 utilitatem:
614 3099 647 3156 et
669 3092 739 3156 illos
760 3093 885 3180 quidem
907 3116 969 3157 nou
991 3094 1147 3180 signatum
1170 3113 1281 3157 aurum

126 3203 159 3258 et
177 3200 340 3280 argentum
360 3194 392 3256 iu
411 3194 517 3278 paucis
531 3193 672 3271 vasculis
689 3193 744 3259 ⁸de
758 3193 824 3258 suis
838 3194 1004 3273 laboribus,
1021 3194 1281 3281 quemadmodum

126 3296 337 3379 praediximus,
357 3296 554 3382 accipientes,
570 3296 684 3383 injuste
699 3297 809 3362 fecisse
825 3298 951 3373 dicuut;
976 3298 1160 3383 semetipsos
1175 3305 1281 3361 autem

128 3398 263 3483 (dicetur
289 3399 372 3464 enim
395 3400 477 3485 quod
503 3422 609 3465 verum
634 3406 694 3478 est,
721 3399 795 3465 licet
818 3400 980 3465 ridiculum
1004 3400 1188 3487 quibusdam
1211 3423 1281 3467 csse

126 3499 279 3580 videatur)
310 3522 350 3567 ex
379 3501 488 3567 alienis
510 3501 669 3568 laboribus
693 3503 835 3590 linsigne
863 3525 973 3569 aurum
997 3511 1032 3569 et
1057 3511 1221 3591 argentum
1248 3512 1281 3568 et

176 3815 185 3847 ¹
203 3833 227 3875 a,
241 3817 346 3866 omitted
358 3818 383 3866 in
395 3819 438 3867 the
450 3818 552 3868 Cursu.
566 3818 623 3869 MS.
778 3819 790 3852 ¹
807 3821 858 3871 Au.
872 3820 998 3882 accipient,
1011 3819 1061 3868 and
1072 3816 1133 3867 adds
1148 3816 1279 3867 laboribus.

175 3895 187 3927 ²
202 3897 246 3946 Ad
257 3898 307 3958 loc,
323 3901 355 3949 εἰς
371 3902 450 3959 τοῦτο,
464 3901 583 3960 laurum,
598 3917 627 3949 or
637 3900 681 3949 ud·
778 3899 790 3931 ⁸
805 3900 835 3948 dc
854 3899 907 3949 suia
921 3900 1050 3960 lubentem,
1070 3901 1137 3961 παρὰ
1153 3900 1201 3946 τῶν
1217 3899 1281 3946 ltlur

126 3975 181 4038 trs,
207 3980 287 4029 which
304 3981 326 4030 is
349 3981 374 4031 iu
397 3982 449 4030 fact
470 3983 513 4031 the
533 3983 635 4046 reading
655 3982 684 4030 οἰ
731 3983 815 4042 πόνων,
829 3981 934 4030 omitted
950 3981 1059 4041 Currum,
1075 3981 1167 4040 Voss,
1182 3980 1278 4040 Mass,

127 4060 240 4121 Eassu,
253 4062 346 4122 Gran,
361 4063 492 4124 Paulam,
505 4065 613 4112 Anuuu.
631 4064 680 4112 aud
731 4064 818 4111 Srrun.
854 4066 906 4111 An.
920 4061 969 4110 aud
981 4062 1031 4110 Ga.
1045 4062 1124 4110 retain
1136 4059 1179 4109 the
1190 4060 1279 4120 words,

127 4142 214 4192 Manu
229 4156 258 4192 11.
729 4145 779 4193 and
790 4145 851 4208 they
863 4145 925 4193 have
937 4161 952 4191 a
963 4143 1065 4208 parallel
1077 4144 1103 4191 in
1115 4143 1157 4191 the
1172 4143 1263 4206 sequcl.

175 4222 186 4255 ³
202 4224 235 4285 oi,
248 4226 328 4286 twice,
341 4227 390 4274 aud
403 4227 522 4289 AEpmrtr'i,
537 4227 642 4275 omitted
653 4228 680 4277 in
778 4225 790 4257 ⁹
806 4225 901 4287 inaipnc
910 4240 1008 4285 curum,
1023 4222 1110 4272 coined
1121 4223 1186 4287 gold,
1200 4224 1226 4272 in
1238 4240 1281 4288 op·

125 4306 168 4354 thc
181 4306 225 4356 Cu.
261 4307 311 4356 An.
325 4308 438 4370 AEpypu'i
445 4308 519 4368 filios.
729 4308 835 4370 position
854 4314 881 4356 to
899 4323 947 4355 raon
966 4306 1088 4369 afflatum
1107 4321 1205 4366 comm,
1226 4306 1283 4356 that

174 4387 185 4418 ⁴
203 4390 297 4436 Gusnu
309 4391 399 4438 inserts
411 4390 541 4438 aumsrom
550 4389 593 4436 tha
604 4389 655 4438 Aa.
729 4389 778 4437 had
800 4388 934 4452 preceded:
958 4404 985 4436 so
1000 4388 1172 4437 Tnucrnrnas
1194 4387 1282 4438 distin·

175 4466 186 4497 ⁵
203 4468 302 4518 Chanar.
321 4468 483 4531 requisitione.
728 4471 828 4533 guisbes'
841 4473 933 4531 ἄσημον
944 4472 1006 4520 from
1023 4473 1147 4532 ἐπίσημον,
1161 4472 1185 4519 ἰῃ
1198 4472 1284 4537 speak-

176 4546 187 4578 θ
204 4551 278 4609 ὀλίγα
288 4553 435 4613 μεταλαβὼν
447 4551 551 4611 ἀπέλθῃ.
728 4552 772 4616 ing
783 4552 812 4599 of
824 4552 866 4600 the
878 4554 990 4616 precious
1001 4552 1098 4613 mctals,
1116 4565 1146 4601 11.
1163 4565 1200 4614 13.

226 4659 299 4705 voc.
318 4661 351 4704 rr.
1141 4645 1194 4706 hb
