3000 4994
544 346 593 398 nr
617 346 794 399 srrvunun.
1211 335 1253 400 81

98 499 193 564 flatus
212 498 272 563 iste
294 499 375 576 talis,
398 520 499 586 neque
517 501 549 563 in
567 501 656 580 coelo,
673 523 772 588 neque
787 502 820 564 in
837 509 921 566 terra
936 509 1028 588 putat
1049 524 1084 568 se
1098 524 1177 580 esse,
1199 504 1255 569 sed
1290 526 1344 566 nm.
1352 527 1393 567 ιιι

100 601 184 666 intra
197 602 342 667 Pleroma
364 602 519 681 introisse,
542 612 574 668 et
596 604 828 690 complexum'
814 627 882 690 Jam
899 605 1045 692 angelum
1065 627 1167 684 suum,
1183 628 1254 670 cunr
1272 575 1375 658 ⁰11·¹1'¹
1375 631 1410 658 xv

51 717 81 756 Μ
101 704 286 782 linstitorio,
302 713 335 769 et
349 705 512 791 supercilio
525 705 651 782 incedit,
667 706 828 793 gallinacei
845 706 1010 771 elationem
1022 708 1150 774 babens
1174 710 1255 773 Sunt
1278 666 1362 752 ¹¹AE
1365 712 1399 752 ¹¹¹

1328 761 1376 798 ν.2.

98 815 206 873 eutem
219 808 302 894 apud
321 830 385 885 eos,
408 808 461 895 qui
483 808 591 873 dicunt
606 818 749 894 oportere
762 810 876 876 bonnm
892 812 1155 878 conversationem
1170 834 1254 878 assc-
1271 769 1414 847 ‘¹‘-

100 910 153 998 qui
173 933 244 976 eum
267 911 434 988 hominem,
458 911 510 997 qui
533 911 575 976 sit
595 912 728 998 desuper
749 912 910 978 ”veniensz
935 922 1062 999 propter
1075 914 1135 979 hoc
1149 923 1182 978 et
1196 915 1254 978 fin·

99 1022 180 1101 gunt
199 1014 333 1100 quodam
354 1014 517 1098 supercilio
539 1014 734 1101 gravitatem.
780 1014 910 1079 Plurimi
934 1022 1040 1080 autem
1063 1023 1096 1081 et
1115 1023 1253 1081 contem-

99 1125 184 1181 tores
204 1116 288 1193 lacti,
315 1116 403 1203 quasi
426 1117 494 1202 jam
514 1116 653 1202 perlecti,
685 1116 752 1181 sine
776 1117 959 1195 reverentia,
985 1125 1019 1183 et
1041 1118 1073 1181 in
1093 1127 1252 1183 contemtu

99 1217 247 1293 viventes,
263 1216 447 1302 semetipsos
461 1217 616 1302 spiritales
636 1226 758 1297 vocant,
774 1228 807 1284 et
821 1241 855 1284 se
866 1240 959 1284 nosse
976 1221 1044 1306 jam
1059 1218 1166 1285 dicunt
1180 1242 1253 1286 euru

99 1320 153 1406 qui
168 1320 210 1384 sit
226 1320 307 1383 intra
325 1318 469 1384 Pleroma
484 1319 621 1405 ipsorum
636 1318 786 1407 refrigerii
802 1321 915 1387 locum.

51 1454 79 1493 ra
164 1427 196 1489 3.
242 1423 310 1488 Nos
325 1431 432 1488 autem
447 1432 636 1488 revertamur
649 1423 834 1490 adeundem
849 1431 1029 1491 tractatum.
1074 1424 1154 1491 Cum
1169 1427 1252 1491 eninr

98 1527 288 1593 declaratum
303 1527 345 1592 sit
363 1527 536 1604 manifeste,
557 1527 703 1612 quoniam
724 1527 880 1593 neminem
897 1528 992 1593 aliurn
1008 1528 1112 1594 Deum
1126 1551 1252 1595 vocave-

98 1637 173 1693 runt
193 1629 242 1694 vel
257 1629 428 1693 Dominum
452 1627 698 1709 nominaverunt,
723 1631 775 1717 qui
799 1631 940 1696 veritatis
961 1633 1086 1696 fuemnt
1102 1632 1251 1719 praedica·

97 1743 184 1796 tores
203 1739 235 1797 et
260 1731 406 1817 Apostoli
426 1731 587 1809 libertatis,
612 1731 673 1795 nisi
695 1732 796 1797 solum
814 1755 921 1798 verum
943 1733 1048 1798 Deum
1071 1734 1199 1799 Patrem
1219 1744 1252 1801 et

99 1835 242 1901 Verbum
256 1837 333 1921 ejus,
358 1835 411 1921 qui
431 1835 465 1898 in
487 1836 631 1900 omnibus
648 1836 855 1923 principatum
878 1838 982 1912 habet,
1005 1838 1169 1905 manifeste
1192 1841 1252 1905 erit

98 1946 269 2016 ostensum,
285 1938 435 2003 factorem
449 1936 519 2002 coeli
534 1946 567 2003 et
581 1946 682 2017 terrae,
699 1947 732 2004 et
751 1941 804 2026 qui
823 1941 947 2005 locutus
968 1941 1012 2006 sit
1031 1963 1103 2006 cum
1127 1943 1250 2029 Moyse,

97 2050 132 2106 et
153 2041 233 2127 legis
250 2040 483 2126 dispositionem
502 2041 531 2106 ei
554 2041 682 2122 dederit,
701 2044 753 2130 qui
777 2044 990 2110 convocaverit
1012 2053 1126 2131 patres,
1143 2046 1250 2111 Domi-

97 2166 174 2210 num
190 2143 294 2208 Deum
308 2144 449 2209 confiteri
464 2166 527 2223 eos,
549 2154 582 2210 et
604 2145 736 2211 alterum
753 2148 908 2213 neminem
932 2170 1033 2214 nosse
1080 2148 1251 2217 Manifesta

98 2247 195 2334 igitur
214 2256 246 2312 et
270 2246 493 2332 Apostolomm
518 2256 551 2312 et
574 2249 778 2316 ³discentium
800 2274 907 2317 eorum
929 2274 969 2317 ex
995 2252 1124 2318 verbis
1114 2274 1250 2339 ipsorum

98 2349 139 2413 de
154 2349 223 2413 Deo
238 2349 321 2414 iacta
335 2357 384 2414 est
398 2350 565 2416 sententia

556 2617 658 2683 OAP.
681 2616 783 2681 XVI.

124 2783 213 2873 Quo
228 2782 274 2856 sit
291 2781 548 2880 Apostolorum
564 2779 742 2855 sententia
764 2780 810 2855 dc
826 2780 988 2857 Domino
1005 2795 1125 2857 nostro
1141 2783 1234 2857 Jeeu

601 2897 752 2974 Christo.

160 3081 327 3163 Quourau
344 3088 449 3145 autem
463 3089 537 3145 sunt
552 3081 604 3167 qui
621 3081 738 3158 dicunt,
754 3080 777 3144 J
780 3101 867 3145 esum
882 3077 1006 3163 quidem
1021 3077 1250 3162 receptaculum

99 3182 216 3248 Christi
246 3183 351 3261 fuisse,
382 3183 415 3247 in
445 3205 537 3269 quem
569 3184 701 3268 desuper
733 3181 821 3268 quasi
851 3180 1025 3245 columbam
1054 3179 1250 3245 descendisse

100 3284 269 3363 Obristum,
295 3294 422 3351 etcum
448 3285 615 3350 indicasset
647 3283 898 3349 innominabilem
923 3283 1053 3347 Patrem
1079 3282 1250 3369 incompre-

97 3387 291 3453 hensibiliter
307 3396 340 3452 et
359 3387 552 3452 invisibiliter
571 3388 703 3452 intrasse
723 3385 756 3450 in
773 3386 936 3450 Pleroma:
965 3406 1027 3448 non
1048 3385 1132 3450 enim
1149 3385 1250 3450 solum

97 3494 139 3558 ab
153 3491 339 3568 bominibus,
361 3490 416 3555 scd
431 3512 471 3554 ne
486 3492 526 3555 ab
541 3490 591 3554 bis
606 3490 742 3576 quidem,
759 3510 828 3575 quae
849 3488 881 3551 in
893 3487 972 3552 coelo
986 3496 1070 3566 sunt,
1086 3488 1249 3572 potestati·

97 3594 158 3658 bus
171 3601 204 3657 et
219 3593 385 3657 virtutibus
398 3593 624 3679 apprehensum
647 3613 728 3669 eum,
744 3600 777 3656 et
791 3613 860 3656 esse
875 3589 999 3676 quidem
1014 3589 1112 3654 filium
1126 3589 1149 3653 J
1151 3612 1248 3667 esum,

97 3697 235 3781 ⁴patrem
246 3717 317 3760 vero
329 3694 497 3773 Christum,
507 3703 540 3759 et
550 3693 665 3760 christi
681 3701 811 3778 patrem,
824 3692 947 3758 Deum:
963 3690 1015 3756 alii
1028 3713 1100 3756 vero
1111 3691 1251 3777 putative

96 3895 166 3956 rant,
181 3895 268 3943 Mass.
281 3893 645 3950 imitntimmbutthacnnnrr.
699 3891 777 3954 Prof.
795 3891 850 3940 Lib.
864 3903 882 3940 r.
916 3891 942 3939 It
964 3890 985 3938 in
1007 3887 1112 3937 difficolt
1133 3892 1161 3936 to
1182 3891 1250 3936 traco

96 3977 156 4026 MS.
176 3965 318 4035 imitationi,
345 3977 425 4024 which
448 3975 462 4024 1
486 3975 594 4037 imagine
621 3978 648 4022 to
698 3974 741 4022 the
753 3973 836 4021 Greek
847 3971 928 4019 unless
944 3971 964 4017 it
975 3984 1101 4033 expresses
1117 3968 1148 4017 δι’
1165 3970 1250 4029 ἀλαζο-

95 4059 161 4107 Ιιιινο
184 4059 264 4106 arinen
291 4063 337 4106 out
361 4057 390 4105 ol
414 4056 556 4105 imitatione.
595 4055 648 4103 The
699 4055 761 4103 velas
772 4054 813 4101 καὶ
823 4054 900 4113 τύφου
912 4052 1025 4113 ἐμβαίνει.

94 4140 180 4189 Greek
197 4155 255 4202 may
271 4139 335 4187 have
349 4138 419 4197 been,
437 4140 482 4197 τὴν
492 4139 583 4185 τούτων
593 4138 648 4184 dero·
747 4132 759 4164 ¹
775 4132 902 4181 adumbrat
918 4132 939 4181 ie
955 4131 1061 4195 perhaps
1072 4129 1207 4193 preferable
1223 4147 1251 4180 ae

94 4222 194 4271 λονθίαν
222 4221 262 4269 rel
289 4222 335 4279 τὴν
364 4223 456 4270 aanor
483 4220 649 4280 ἀπολύτρωσιν
699 4215 779 4264 inthe
790 4214 890 4263 Cannu.
901 4212 969 4273 MS,
982 4213 1024 4261 τὸν
1035 4213 1123 4260 ἄνωθεν
1140 4213 1247 4273 ἐπιόντα,

96 4304 244 4364 τετυχηκώς.
698 4299 716 4349 i.
726 4314 748 4348 e.
760 4295 903 4359 spiritalem.

145 4383 156 4415 ²
173 4383 299 4443 institorio,
331 4399 347 4431 a
366 4382 435 4431 word
456 4381 517 4431 used
538 4380 567 4430 ol'
586 4379 650 4428 deal·
747 4375 925 4435 ’domium
939 4375 982 4424 ie.
995 4375 1116 4434 μοθητᾶν,
1131 4374 1249 4438 maroe,

94 4479 135 4514 ere
154 4465 181 4512 in
199 4464 295 4528 puffing
319 4464 357 4512 off
376 4464 441 4512 their
461 4462 547 4526 goede.
581 4460 649 4508 Here
699 4476 723 4510 n.
738 4475 760 4520 a,
774 4458 891 4521 meaning
903 4456 928 4506 S.
937 4456 1010 4505 Lulre
1020 4457 1070 4505 aud
1083 4456 1108 4506 S.
1120 4457 1206 4507 Mark.

94 4549 117 4598 it
127 4563 187 4612 may
198 4564 270 4596 mean
282 4547 421 4610 annmiaq
433 4547 492 4610 quit.
528 4545 649 4608 Compare
747 4538 892 4591 ⁴SeeVol.
905 4550 923 4588 1.
937 4555 960 4603 p.
973 4553 1026 4601 ¹13·

199 4656 272 4703 vor„
285 4656 319 4702 11.
1127 4628 1149 4690 6
