3000 4994
233 320 300 386 380
506 333 700 389 namnam
725 335 863 388 meran
889 334 1113 388 rananrsus

101 508 193 595 mppr.
233 485 412 553 haereticam
427 487 661 557 dissensionem.
699 489 763 577 Ipsi
779 490 862 556 enim
879 492 1083 556 ¹confitentur
1101 487 1286 573 semetipsos
1298 487 1386 573 agni-

87 601 212 688 fflp}
233 580 349 655 tionem
364 592 478 657 habere
493 592 566 658 boui
581 601 614 659 st
628 593 720 659 mali:
741 604 774 660 et
788 617 881 681 super
896 595 1000 660 Deum
1015 594 1068 680 qui
1083 593 1157 659 fecit
1171 615 1235 670 eos,
1247 590 1387 679 jaculan-

70 697 218 781 -ῑξξ-
233 700 285 758 tur
299 716 409 759 sensus
426 716 501 760 suos
520 695 641 783 impios.
681 697 783 784 Supra
798 697 893 785 igitur
911 697 1051 762 sentiunt
1071 718 1165 784 quam
1179 704 1228 760 est
1241 717 1389 760 mensura

70 811 205 853 nouat&
233 797 428 864 sensationis.
461 799 657 888 Quapropter
670 809 703 865 et
719 801 893 886 Apostolus
906 800 970 866 ait:
994 802 1068 866 Non
1077 801 1152 887 plne
1164 823 1279 886 sapere,
1295 823 1388 886 quum

233 910 346 988 oportet
358 923 472 987 capere,
487 901 542 968 aad
553 924 661 987 capere
676 904 967 991 ’adpmadentianm
992 912 1027 970 ut
1042 926 1104 968 uon
1123 903 1243 968 illorum
1257 904 1387 966 maudu-

234 1013 341 1071 cantes
354 1005 556 1092 agnitionem,
572 1011 660 1071 ³eam
672 1029 741 1094 quae
756 1008 825 1093 plus
840 1029 932 1095 quam
947 1017 1070 1094 oportet
1082 1007 1174 1092 sapit,
1189 1007 1388 1093 projiciamur

233 1107 273 1174 de
296 1108 447 1173 Paradiso
469 1108 560 1174 vitae:
585 1108 617 1173 in
640 1132 733 1197 quem
757 1110 911 1175 Dominus
932 1110 1051 1174 inducit
1072 1132 1136 1184 eos,
1161 1109 1213 1196 qui
1237 1109 1386 1175 obediunt

69 1223 205 1274 maro
234 1212 404 1298 ⁴praeconio
424 1213 502 1298 ejus,
518 1213 726 1298 recapitulare
740 1214 775 1278 in
792 1235 824 1278 rc
838 1214 941 1278 omnia
961 1236 1029 1299 quac
1049 1213 1315 1299 incultamque
1334 1213 1388 1277 ⁶in

233 1324 337 1386 terrm·
353 1315 409 1380 sed
424 1337 494 1400 quar
506 1314 539 1379 iu
553 1314 641 1380 coelis
655 1315 806 1402 spiritalia
820 1325 904 1395 sunt,
921 1339 990 1402 quae
1006 1325 1109 1381 autem
1125 1316 1157 1380 in
1172 1316 1263 1381 terris
1276 1338 1387 1380 secuu-

232 1417 306 1483 dum
321 1417 478 1483 hominem
498 1426 548 1482 est
562 1416 733 1504 dispositio.
773 1417 854 1484 Haec
872 1419 968 1505 igitur
987 1419 1035 1483 ⁰iu
1050 1419 1251 1504 semetipsum
1269 1417 1388 1504 recapi-

232 1520 349 1586 tulatus
369 1529 428 1599 est,
451 1520 592 1586 adunans
617 1520 774 1586 hominem
798 1521 931 1608 spiritui,
954 1530 986 1586 et
1008 1521 1150 1608 spiritum
1174 1520 1331 1585 collocans
1353 1520 1386 1584 in

231 1622 367 1703 homine,
382 1622 448 1709 ipse
462 1630 556 1709 caput
570 1623 698 1710 spiritus
712 1624 813 1688 factus
830 1631 888 1702 est,
905 1631 938 1688 et
951 1623 1092 1710 spiritum
1112 1623 1190 1686 dans
1203 1643 1272 1687 esse
1286 1621 1386 1686 homi-

117 1760 122 1769 ·
232 1724 281 1791 nis
295 1732 407 1811 caput:
430 1746 486 1811 per
500 1723 587 1790 illum
601 1723 685 1789 euim
699 1725 866 1804 'videmus
882 1733 914 1791 et
925 1725 1078 1804 audimus,
1094 1733 1127 1790 et
1142 1724 1303 1812 loquimur.

693 1993 795 2059 ΟΑΡ.
818 1993 924 2058 XXI.

235 2149 358 2248 Caput
381 2148 544 2224 omnium
568 2176 646 2248 qna
662 2147 849 2249 predicta
871 2161 953 2223 sarit
978 2147 1145 2223 Christos
1168 2160 1239 2221 est:
1279 2173 1384 2246 quern

306 2267 488 2342 hominem
520 2294 712 2358 assumere,
742 2295 768 2342 a
797 2267 915 2340 Patre
944 2265 1194 2340 universorum
1223 2277 1385 2337 crea-tore

307 2384 413 2474 mitti,
441 2398 473 2460 et
495 2412 520 2460 a
542 2387 690 2461 Satana
716 2384 853 2460 tentari
871 2383 1040 2484 oportuit,
1066 2396 1106 2456 at
1129 2380 1385 2481 promissiones

306 2502 534 2604 adimpleret,
558 2517 590 2579 et
605 2504 803 2603 pleniorum·
821 2515 1178 2600 consummatamque
1193 2498 1386 2574 victoriam

306 2635 519 2721 reportaret.

234 2792 262 2854 l.
301 2790 422 2855 Onam
439 2811 514 2876 ergo
533 2787 740 2875 recapitulans
753 2786 976 2874 recapitulatas
993 2793 1051 2863 est,
1072 2795 1105 2850 et
1123 2783 1269 2849 adversus
1284 2783 1385 2846 inimi·
1399 2804 1430 2843 n.
1442 2805 1485 2845 na

231 2914 302 2956 cum
312 2900 453 2957 nostrum
460 2891 575 2957 bellum
586 2912 767 2976 provocans,
775 2900 807 2955 et
817 2889 934 2955 elidens
942 2911 1013 2953 eum
1024 2888 1088 2974 qui,
1099 2888 1131 2952 in
1140 2887 1229 2950 initio
1239 2886 1270 2949 in
1280 2886 1385 2951 Adam

232 2996 371 3081 captivos
385 2996 516 3061 duxerat
532 3018 599 3074 nos,
615 3004 648 3060 et
663 2994 787 3060 calcans
802 2993 871 3079 ejus
887 3001 993 3079 caput,
1010 2990 1269 3077 quemadmodum
1289 2989 1386 3054 habes

232 3097 265 3161 in
292 3097 406 3162 Genesi
432 3098 549 3163 dixisse
573 3097 709 3184 serpenti
736 3096 860 3162 Deum:
885 3096 930 3161 Et
952 3096 1152 3161 inimicitiam
1164 3115 1281 3179 pmmm
1305 3093 1386 3157 inter

232 3210 260 3265 tc
273 3210 301 3265 et
314 3201 395 3265 inter
414 3200 581 3280 manaem,
602 3211 630 3266 et
645 3204 727 3265 inter
739 3221 839 3265 rernm
857 3208 944 3264 tauta
958 3207 987 3263 ct
1003 3219 1101 3263 annm
1115 3198 1198 3282 ey'am
1221 3197 1286 3282 ipa
1300 3205 1386 3261 taam

282 3381 291 3413 ¹
309 3381 410 3431 Carnu.
422 3381 552 3447 carelaeely
563 3381 750 3444 mandentur.
833 3393 954 3444 pearanoe
965 3377 994 3426 ot
1001 3393 1017 3426 a
1027 3377 1100 3441 gloss

281 3462 341 3513 'etr
359 3465 387 3512 rt
404 3465 542 3526 σωφρονεῖν.
576 3463 629 3512 The
651 3462 783 3511 translator
884 3459 937 3508 'in
955 3465 1028 3519 uma,
1048 3466 1077 3518 ct,
1097 3460 1149 3507 Aa.
1178 3459 1274 3507 Garun
1296 3459 1385 3508 inserta

232 3545 320 3595 stands
336 3545 408 3595 alone
425 3546 451 3594 in
468 3545 601 3609 rendering
613 3546 657 3594 the
671 3551 736 3594 tenu
750 3544 785 3608 by
833 3549 897 3602 aaut,
920 3541 1001 3590 which
1018 3542 1039 3589 is
1056 3542 1152 3590 neither
1171 3542 1202 3589 in.
1213 3542 1257 3590 the
1274 3540 1385 3601 Onnum,

233 3626 268 3675 ud
282 3626 448 3690 pnrdmtiam.
484 3626 568 3674 Vuae.
588 3625 624 3674 ort
640 3624 786 3674 sobrietatem
834 3624 926 3683 Voss,
940 3625 1004 3684 Aa,
1017 3623 1160 3672 norMaac.
1171 3635 1202 3673 11.
1212 3622 1288 3671 MSS.
1325 3623 1384 3671 Poe·

233 3726 262 3759 ar
274 3710 300 3759 S.
312 3711 434 3759 Arianos.
469 3708 523 3758 The
533 3707 669 3757 translator
685 3707 714 3755 of
722 3705 784 3755 0121·
834 3706 898 3770 eibly
909 3721 920 3754 a
931 3705 1051 3754 detached
1057 3705 1236 3771 fromaedmay
1242 3707 1306 3755 have
1312 3706 1386 3770 given

234 3803 295 3850 aaa,
319 3791 520 3855 tcmpcrafflanm
542 3789 615 3838 while
632 3789 657 3838 S.
676 3789 696 3837 J
697 3799 786 3836 anona
835 3789 884 3837 riso
894 3792 921 3836 to
932 3790 944 3836 i
956 3795 984 3848 et,
991 3794 1075 3835 :nent
1086 3793 1123 3842 et,·
1133 3787 1173 3835 red
1184 3788 1306 3836 therefore
1317 3788 1338 3835 ia
1349 3803 1386 3834 re·

233 3880 318 3933 wrote,
327 3872 361 3921 ud
370 3871 526 3934 pudicitiam,
536 3871 665 3934 (similarly
673 3871 716 3918 the
729 3870 785 3934 Syr.
834 3869 917 3918 atored
931 3886 958 3918 aa
974 3870 1000 3917 iu
1016 3869 1070 3929 Gn,
1084 3869 1175 3929 Vasa,
1193 3869 1244 3918 and
1257 3870 1278 3917 it
1289 3875 1388 3917 returns

233 3935 434 4027 ideam>
452 3967 786 4016 satientatemoaen
834 3951 917 3999 better
931 3951 1086 4001 intoGreek.
1109 3951 1305 4010 ceramon.
1317 3965 1390 4010 aar

233 4049 345 4114 replaced
356 4050 391 4114 by
401 4049 444 4097 the
455 4049 523 4098 word
535 4050 560 4096 in
572 4049 615 4096 the
627 4053 680 4097 text
690 4050 698 4097 t
834 4039 932 4081 ‘mam-

278 4128 288 4162 ¹
305 4130 400 4179 Gutus
415 4146 480 4193 says,
498 4145 550 4177 oum
566 4144 619 4191 quc
630 4129 656 4177 in
671 4130 722 4179 AB.
735 4145 786 4179 nou
885 4130 895 4162 ⁸
913 4131 966 4192 Cn,
984 4130 1076 4191 Voss,
1091 4132 1137 4180 but
1155 4130 1206 4180 Aa.
1221 4129 1247 4179 in
1259 4130 1388 4193 remetipro.

233 4213 344 4277 reperio;
361 4213 382 4260 it
393 4211 453 4275 only
464 4211 538 4259 omits
549 4225 609 4259 cam.
835 4213 870 4262 N.
883 4213 912 4262 T.
927 4215 998 4274 ἐντῷ
1008 4215 1115 4275 Χριστῷ.
1145 4213 1390 4276 Thersadinginthe

282 4295 293 4325 ⁴
306 4294 436 4356 preconio,
459 4295 510 4341 Aa.
528 4293 549 4340 is
568 4308 595 4340 so
612 4292 760 4358 completely
772 4309 788 4342 a
835 4299 889 4344 text
898 4311 981 4344 recurs
990 4296 1086 4360 shortly
1093 4295 1246 4355 afterwards,
1256 4296 1336 4343 where
1347 4294 1391 4343 tho

233 4378 295 4437 φίλη
305 4379 368 4436 λέξις
379 4377 439 4424 with
455 4377 498 4425 the
511 4374 653 4436 translator,
667 4377 724 4425 that
734 4376 787 4425 itis
835 4376 913 4426 MSS.
926 4393 1006 4441 agree.

232 4457 344 4505 retained
361 4458 386 4505 in
403 4458 452 4506 lieu
469 4458 498 4505 ot
513 4457 613 4507 Causa.
635 4458 684 4506 and
702 4457 784 4507 Voss.
884 4457 895 4492 ⁷
911 4459 963 4508 Aa.
982 4457 1097 4519 victimae,
1115 4459 1162 4508 but
1177 4458 1288 4518 Curam,
1307 4456 1389 4509 Voss.

219 4539 419 4603 mamaea,
438 4540 520 4590 which
534 4541 580 4591 has
598 4557 665 4590 moro
682 4542 725 4590 the
741 4557 784 4605 ap·
835 4540 973 4591 ordinaret
984 4540 1132 4590 audirimm.
