3000 4994
248 313 291 377 16
667 326 848 378 ananum
876 326 981 379 vuna

104 504 209 590 mppr.
244 479 478 565 antiquissimas
498 499 655 544 recurrere
676 478 834 557 ecclesias,
863 481 894 543 in
921 481 1033 566 quibus
1058 480 1203 568 Apostoli
1230 480 1402 546 conversati

89 562 222 684 ffissplpp
244 593 327 662 sunt,
347 594 380 650 et
394 587 434 649 ab
455 584 500 648 eis
517 584 556 649 de
575 584 720 669 prasenti
742 585 914 669 quaestione
933 606 1056 650 sumere
1078 586 1160 671 quod
1180 594 1299 650 certum
1318 595 1351 651 et
1369 609 1404 652 re

83 691 229 779 ‘js-''lj-
244 688 394 774 liquidum
413 689 482 753 est?
527 687 609 770 Quid
628 686 778 751 autumni
799 710 898 773 neque
918 689 1063 773 Apostoli
1084 688 1207 774 quidem
1227 688 1404 776 Scripturas

243 790 440 877 reliquissent
468 790 568 868 nobis,
599 812 702 855 nonne
728 793 892 875 oportebat
923 791 1064 857 ordinem
1099 793 1186 878 sequi
1215 792 1401 869 traditionis,

243 916 337 980 quam
351 893 546 961 tradiderunt
560 894 598 958 iis
613 892 725 979 quibus
739 893 977 960 committebant
997 895 1163 962 ecclesiast
1199 896 1256 961 (hri
1281 896 1402 960 ordina-

243 998 320 1064 tioni
335 998 511 1064 assentiunt
526 998 632 1062 multa
647 1008 758 1086 gentes
774 999 990 1064 ¹barbarorum
1005 1023 1111 1066 eorum
1127 1001 1179 1087 qui
1196 1002 1227 1067 in
1243 1001 1402 1066 Christum

244 1103 385 1178 credunt,
397 1101 465 1168 aine
476 1103 602 1167 ²charta
611 1101 657 1167 vel
669 1110 844 1167 atramento
858 1103 1006 1191 scriptam
1021 1104 1173 1170 habentes
1187 1104 1402 1192 perspiritum

243 1204 275 1268 in
287 1205 432 1271 cordibus
455 1204 520 1269 suis
533 1205 677 1283 salutern,
693 1213 726 1269 et
740 1215 876 1269 veterem
899 1206 1098 1272 traditionem
1113 1208 1278 1296 diligenter
1297 1218 1403 1273 custo·

243 1308 373 1387 dientes,
391 1309 440 1372 ³in
459 1330 555 1372 unum
575 1308 678 1373 Deum
696 1309 859 1374 credentes
878 1308 1094 1375 fabricatorem
1112 1312 1182 1376 coeli
1200 1321 1232 1377 et
1250 1320 1352 1391 terrm,
1368 1324 1401 1377 et
1413 1322 1484 1361 (lm

243 1412 380 1476 omniurn
396 1435 465 1497 qum
481 1411 512 1475 in
527 1412 572 1476 eis
590 1420 673 1483 sunt,
695 1416 768 1496 ⁴per
784 1411 943 1476 Christum
961 1413 985 1477 J
986 1436 1072 1479 esum
1088 1414 1149 1478 Dei
1166 1414 1293 1481 Filium.
1338 1415 1399 1497 Qui

242 1523 368 1601 propter
388 1514 664 1580 eminentissimam
687 1536 762 1600 erga
783 1514 967 1601 figmentum
991 1538 1081 1581 suurn
1104 1517 1310 1596 dilectionem,
1330 1540 1399 1583 eam

242 1642 312 1703 quae
327 1627 410 1683 esset
425 1641 464 1683 ex
478 1617 610 1704 Virgine
624 1616 856 1703 generationem
871 1618 1028 1697 sustinuit,
1043 1619 1108 1705 ipsc
1123 1643 1226 1706 perse
1242 1621 1398 1687 hominem

241 1720 382 1785 adunans
404 1720 484 1796 Deo,
507 1729 537 1783 et
561 1740 671 1803 passus
692 1719 751 1782 sub
779 1719 894 1783 Pontio
922 1720 1036 1800 Pilato,
1061 1731 1093 1786 et
1115 1745 1287 1810 resurgens,
1312 1725 1399 1789 etin

242 1823 382 1888 claritate
397 1829 549 1907 receptus,
566 1821 598 1883 in
611 1820 711 1908 gloria
725 1827 874 1885 venturus
890 1823 1032 1887 Salvator
1046 1846 1151 1889 eoruur
1165 1825 1398 1910 «minabantur,

242 1934 275 1990 et
296 1926 394 2010 judex
422 1945 528 1988 eorum
558 1922 610 2007 qui
636 1922 827 2007 judicantur,
849 1932 883 1987 et
909 1925 1037 1990 mittens
1063 1926 1095 1989 in
1120 1928 1222 2014 ignenr
1246 1938 1397 1993 veternum

241 2031 511 2117 transfiguratores
531 2028 681 2106 veritatis,
701 2037 734 2092 et
753 2037 962 2095 contemtores
984 2033 1090 2098 Patris
1116 2036 1164 2099 sui
1190 2044 1223 2099 et
1246 2035 1398 2101 adventus

241 2135 320 2221 ejus.
358 2132 452 2198 Hanc
467 2133 559 2197 iidem
576 2131 628 2218 qui
644 2131 710 2195 sine
725 2130 823 2195 literis
838 2131 1042 2212 crediderunt,
1062 2146 1212 2221 quantum
1227 2137 1267 2200 ad
1281 2159 1397 2203 sermo·

241 2261 314 2304 uem
337 2247 486 2315 nostrum,
511 2235 633 2302 barbari
655 2243 747 2299 suut:
773 2245 923 2319 quantum
945 2247 1050 2302 autern
1077 2241 1117 2304 ad
1142 2240 1340 2318 sententiani,
1365 2254 1398 2306 et

241 2341 506 2419 consuetudinem,
522 2348 555 2405 et
569 2338 845 2415 conversationem,
861 2348 986 2424 propter
1003 2342 1095 2407 fidem
1114 2366 1260 2428 perquam
1275 2344 1397 2427 sapien-

241 2444 353 2511 tissimi
367 2454 451 2523 sunt‚
466 2453 500 2509 et
517 2443 640 2530 placent
657 2442 736 2519 Deo,
756 2451 974 2506 conversantes
995 2444 1026 2507 in
1043 2445 1127 2510 ouini
1143 2446 1268 2532 justitia
1282 2454 1314 2511 et
1330 2468 1396 2511 cas-

241 2547 332 2612 titate
354 2554 387 2612 et
413 2546 576 2632 sapientia.
620 2544 740 2627 Quibus
765 2542 791 2607 si
815 2541 926 2629 aliquis
949 2547 1178 2613 annuntiaverit
1201 2571 1239 2614 ea
1264 2572 1335 2634 quse
1355 2550 1396 2614 ab

241 2650 395 2717 haereticis
423 2649 591 2715 adinventa
619 2656 703 2726 sunt,
740 2645 864 2732 proprio
897 2670 1040 2715 sermone
1071 2674 1178 2716 eorum
1207 2652 1395 2737 colloquens,

290 2841 569 2901 ¹H112roirusn1ay
592 2839 621 2886 hc
648 2837 792 2899 compared:
842 2838 932 2887 tabulis
953 2843 1034 2891 cordia
1056 2842 1204 2892 currentibus.
1236 2842 1261 2892 S.
1276 2843 1394 2891 Ilrnuon.

242 2925 332 2972 Τούτου
353 2924 431 2970 τοίνυν
460 2922 503 2969 τοῦ
530 2922 605 2980 λόγον
631 2922 794 2981 κρατήσαντες
845 2922 888 2984 h'p.
903 2936 1018 2976 xxxvnr.
1032 2925 1062 2973 al.
1077 2938 1129 2975 uxr.
1144 2926 1179 2973 od
1190 2925 1332 2975 Puramuch.

240 3006 347 3064 μαθηταὶ
365 3005 489 3061 Ἕλληνες,
514 3003 652 3062 Αἱούπωο
676 3002 794 3049 xantum
891 3004 1046 3056 3Ιοιςςυκοο
1063 3009 1169 3057 exhibita
1189 3026 1221 3057 un
1241 3009 1352 3058 abstract
1370 3012 1399 3057 os

241 3090 281 3137 vol
293 3089 341 3135 πᾶν
348 3089 416 3149 γένος
423 3088 560 3149 ἀνθρώπων,
574 3088 598 3132 rt
613 3086 641 3134 τό
653 3087 714 3132 θεῖον
725 3085 794 3142 καλὴ
843 3089 885 3136 the
901 3088 1007 3137 Eastcru
1024 3090 1108 3149 t'reed,
1122 3091 1205 3139 rather
1220 3091 1281 3139 thau
1298 3092 1354 3139 that
1370 3092 1399 3138 of

241 3174 326 3219 τούτου
349 3173 463 3218 εὔτακτος
485 3168 625 3230 δημιουργία
648 3167 707 3230 παρ’
729 3167 794 3225 ἡμίν

240 3253 382 3314 τῶνφίλων
398 3253 441 3300 τοῦ
457 3252 525 3310 θεοῦ,
542 3254 581 3299 καὶ
598 3252 631 3309 μὴ
648 3252 793 3311 κομπολόηῳ

240 3338 312 3385 τοῦτο
324 3335 469 3394 ἠσκηκότων,
485 3334 540 3381 ἀλλ’
554 3333 569 3393 ἦ
582 3334 694 3392 ἀληθείας
705 3336 793 3393 γνώσει

241 3420 281 3467 καὶ
298 3420 399 3475 ἀσκήσει
415 3419 568 3478 σωφροσύνης
580 3419 612 3465 εἰς
623 3418 742 3475 ἀπόδειξιν
754 3418 791 3464 αι’ν

240 3503 283 3548 τοῦ
299 3499 385 3560 λόγους
402 3500 553 3557 ποιουμένων,
584 3498 631 3547 Ph.
648 3510 673 3547 x.
686 3513 724 3559 3¹·
760 3498 791 3545 lu

239 3585 282 3632 the
298 3598 365 3631 samo
380 3597 435 3645 way
449 3581 480 3628 ho
494 3581 620 3629 addresscs
635 3581 678 3629 tho
693 3579 792 3627 various

238 3664 342 3714 farnilies
353 3664 382 3712 ot'
390 3663 433 3711 the
445 3662 538 3710 human
549 3679 605 3710 mcc
614 3663 722 3725 brought
729 3662 792 3710 bach

237 3755 265 3797 to
276 3747 332 3797 God
345 3748 371 3795 in
382 3747 478 3795 Christ:
491 3748 600 3794 Τοιοῦτος
612 3747 625 3794 ὀ
635 3747 688 3806 περὶ
694 3746 723 3794 τό
731 3747 793 3793 θεῖον

238 3834 330 3892 ἀληθὴς
349 3832 429 3892 λόγος,
450 3829 469 3878 ὦ
492 3832 611 3891 ἄνθρωπον
629 3830 746 3887 Ἕλληνές
765 3846 792 3876 τε

238 3917 277 3964 καὶ
293 3916 423 3977 Βάρβαραι,
438 3913 558 3961 Χαλδαῖοέ
569 3930 595 3960 τε
608 3913 647 3961 καὶ
659 3912 788 3973 Ἀσσύριοι,

237 3998 367 4059 Αἰγύπτιοί
388 4014 417 4044 τε
439 3996 479 4044 καὶ
502 3996 595 4057 Λίβυες,
613 3996 686 4043 'ludov
705 4012 733 4041 τε
752 3997 791 4042 καὶ

238 4079 357 4138 Αἰθίοπες,
372 4079 464 4127 Κέλται
476 4095 503 4124 τε
515 4079 555 4125 καὶ
567 4079 588 4124 ol
600 4078 792 4138 superemines

238 4160 344 4217 Λατῖνοι,
356 4160 443 4208 πάντες
451 4176 479 4206 τε
491 4160 513 4206 ol
522 4160 566 4216 rip
575 4160 699 4219 Εὐρώπην,
711 4157 792 4205 Ἀσέαν

238 4259 266 4289 τε
278 4242 318 4289 καὶ
330 4242 421 4302 Λιβύην
433 4242 605 4299 κατοικοῦντας,
617 4241 791 4302 οἶςσθμβουλος

238 4321 288 4381 tyb
306 4320 410 4378 γίνομαι,
432 4321 602 4381 φιλανθρώπου
620 4322 700 4381 Λόγον
719 4321 790 4381 ι’·πάρ-

237 4420 288 4463 χων
299 4402 409 4460 μαθητὴς
422 4405 503 4451 κ.τ.λ.
523 4402 570 4450 Ph.
584 4415 610 4451 x.
626 4418 663 4464 34.

285 4482 386 4543 'Qrvod
408 4483 438 4531 οό
460 4484 581 4544 Αροιθοέίο
602 4486 717 4533 traditum
742 4503 791 4532 aon

235 4566 349 4615 mihitur
366 4566 390 4611 r'u
409 4565 492 4611 clorio
510 4574 530 4613 et
548 4574 686 4623 utrumnum,
704 4568 745 4613 sid
764 4568 788 4614 in

842 3170 884 3219 the
909 3171 1005 3220 Ronran
1029 3172 1136 3221 Ohurch.
1168 3173 1213 3221 See
1234 3173 1277 3221 the
1296 3172 1395 3222 editor'a

843 3252 908 3302 Jliu.
933 3253 963 3315 os
981 3253 1018 3301 the
1043 3254 1161 3302 rithmus.
1183 3254 1264 3313 Crud,
1286 3272 1310 3318 p.
1336 3254 1392 3303 680.

843 3336 1020 3395 llll’t‘oln'vt's,
1037 3339 1063 3386 in
1081 3339 1222 3401 deaeribing
1238 3339 1280 3386 tho
1292 3339 1354 3386 fanu
1370 3340 1398 3387 ol

842 3420 885 3467 the
907 3421 1007 3468 (liurch
1030 3420 1151 3480 Catholic,
1175 3422 1220 3469 haa
1243 3422 1327 3468 rather
1353 3422 1395 3469 the

842 3502 938 3549 schools
955 3503 983 3551 of
1000 3503 1148 3566 philosophy
1163 3504 1188 3551 in
1205 3503 1275 3563 view,
1295 3503 1345 3551 arrd
1364 3504 1395 3551 he

841 3599 967 3647 expressus
980 3585 1080 3633 himself
1093 3585 1263 3649 accordingly:
1288 3587 1347 3635 Οκός
1364 3588 1395 3634 tir

842 3666 855 3713 ό
871 3668 963 3727 πρῶτος
978 3669 1018 3715 καὶ
1032 3669 1101 3727 μόνος
1117 3670 1156 3715 καὶ
1169 3669 1282 3716 ἁπάντων
1295 3670 1394 3728 ποιητὴς

842 3750 881 3796 καὶ
905 3751 988 3810 κύριος,
1013 3752 1145 3810 σι’τγχρονον
1171 3754 1244 3810 ἔσχεν
1266 3752 1339 3809 οὐδέν,
1368 3754 1395 3798 οὐ

841 3829 900 3888 χάος
912 3830 1015 3888 όπενρον,
1031 3831 1076 3890 cip<
1090 3831 1151 3889 ι’·δωρ
1166 3830 1306 3889 ἀμέτρητον,
1322 3829 1339 3887 ἢ
1348 3830 1395 3889 γῆν

841 3911 948 3972 στερρόν,
958 3912 1011 3971 οὐχὶ
1024 3912 1082 3971 ἀέρα
1095 3912 1187 3969 πυκνόν,
1202 3912 1229 3957 od
1241 3911 1288 3970 πῦρ
1300 3912 1391 3971 θερμόν,

842 3995 869 4040 οὐ
886 3994 978 4049 πνεῦμα
996 3994 1092 4049 λεπτόν,
1112 3994 1153 4039 οὐκ
1170 3994 1269 4054 αι’ρανοῦ
1285 3994 1395 4053 μεγάλον

841 4076 942 4122 κυανέαν
951 4075 1056 4134 μορφήν·
1076 4074 1129 4122 ἀλλ’
1142 4073 1171 4132 ἦν
1183 4074 1214 4122 εἷς
1225 4074 1294 4131 μόνος
1306 4071 1391 4133 ἑαυτῷ,

840 4158 865 4204 ός
886 4156 991 4213 θελήσας
1014 4156 1112 4214 έποῑησε
1132 4156 1164 4203 τά
1183 4156 1249 4213 ὄντα,
1273 4156 1314 4201 οὑκ
1337 4156 1394 4202 όντα

842 4239 961 4297 πρότερον,
988 4239 1051 4296 πλῆν
1073 4241 1114 4287 ότε
1135 4239 1239 4296 ἠθέλησε
1262 4238 1347 4296 ποιεῖν,
1366 4238 1395 4286 ἀς

841 4323 950 4381 ἔμπειρος
962 4320 994 4368 ὢν
1005 4322 1053 4367 τῶν
1065 4322 1189 4377 έσομένων,
1209 4320 1256 4368 Pl.
1270 4332 1296 4369 x.
1311 4334 1350 4381 32.

890 4402 900 4432 ⁴
918 4403 1065 4452 Κελεόοντος
1081 4404 1176 4463 Πατρός
1186 4402 1296 4462 γίνεσθαι
1308 4403 1396 4460 κόσμον

840 4488 869 4533 τὸ
892 4488 955 4533 κατὰ
977 4488 1001 4532 έν
1024 4487 1101 4546 Λόγος
1124 4486 1267 4532 ἀποτελοῖτο
1289 4486 1396 4545 ἀρέσκων

842 4571 902 4627 θεῷ.
924 4569 970 4616 l'd.
985 4581 1010 4617 Χ.
1028 4583 1066 4630 33.
