3000 4994
537 373 733 427 BAPTISTAE
758 374 894 428 MISSIO.
1251 360 1297 424 43

142 527 175 591 in
190 546 262 591 eum
278 524 302 589 J
303 545 402 601 esum,
418 525 470 611 qui
485 530 579 589 natus
593 533 644 590 est
661 546 701 590 ex
720 525 836 591 Maria
881 524 1022 590 Omnes
1013 523 1109 612 igitur
1123 524 1192 590 illos
1202 526 1297 591 falsos
1309 547 1363 587 na.
1377 547 1419 586 ιιι.
1433 547 1463 586 ιι

142 637 241 694 testes
258 627 426 693 ostendens
447 627 616 713 discipulus
629 627 769 705 Domini,
784 628 847 693 ait:
871 628 916 693 Er
940 627 1071 692 Verbum
1090 649 1162 693 caro
1171 631 1298 712 foetum
1318 596 1451 726 21³3}qu-

143 741 195 810 est,
210 741 239 797 ot
258 729 439 796 delinivit
426 752 461 795 ιιι
476 730 569 796 nobis.
615 731 660 796 Et
678 739 715 796 ut
733 753 797 796 non
818 731 1018 817 inquiramus,
1035 733 1124 817 eujus
1140 731 1201 796 Dei
1217 730 1298 797 Ver·
1359 733 1415 772 Μ

142 836 218 900 bum
233 856 305 900 caro
320 834 438 898 lactum
453 840 510 912 est,
527 833 593 919 ipse
608 833 733 921 insuper
747 834 848 911 docet,
864 834 990 899 dicens:
1007 834 1088 898 Fuit
1098 833 1299 899 Ιιοιιιοιιιὶιιιιι
1310 810 1458 898 ffi-

143 962 166 1004 a
190 940 267 1017 Deo,
292 947 359 1003 arat
388 939 417 1002 ei
442 960 547 1002 rumen
572 938 745 1003 lohannes:
775 939 826 1003 tio
855 939 938 1002 osuit
963 938 998 1001 in
1027 938 1237 1016 testimonium,
1264 948 1300 1005 ar

144 1051 307 1107 testaretur
327 1040 366 1104 de
387 1040 511 1106 lumine.
555 1041 645 1105 1Νιιιι
666 1051 733 1106 erat
754 1041 818 1127 ipse
840 1039 951 1117 lumen,
964 1039 1019 1104 sed
1036 1050 1070 1105 ut
1089 1049 1249 1105 testaretur
1262 1041 1300 1106 do

144 1144 270 1210 lamiae.
317 1142 496 1208 Praeoursor
521 1143 616 1230 igitur
641 1142 815 1220 Johanues,
843 1143 895 1229 qui
917 1150 1051 1207 testatur
1073 1141 1258 1222 delumine,
1280 1164 1301 1208 a

145 1270 208 1334 quo
231 1247 301 1313 Deo
324 1247 439 1311 misam
459 1249 528 1312 estl
562 1246 682 1334 Utique
701 1248 742 1312 ab
764 1269 801 1312 eo
819 1248 909 1332 cujus
930 1245 1076 1311 ²(labriel
1097 1254 1146 1312 est
1161 1247 1299 1334 angelus,

145 1351 197 1437 qui
220 1351 315 1415 etiam
331 1350 551 1437 evangelisavit
570 1350 802 1437 generationem
825 1351 911 1436 ejus:
940 1350 1043 1436 quiet
1064 1372 1119 1436 per
1132 1350 1301 1466 propbetas

145 1453 288 1539 promisit
309 1452 456 1571 angelum
478 1475 568 1517 suum
590 1453 755 1517 missurum
774 1461 847 1518 ante
868 1452 979 1517 faciem
996 1451 1070 1516 Filii
1091 1452 1150 1530 sui,
1167 1460 1200 1516 et
1221 1475 1355 1558 prae·Mtl
1312 1472 1376 1512 um.
1383 1471 1400 1557 Ιι
1409 1473 1464 1518 aa

145 1565 327 1642 paraturum
342 1556 423 1621 viam
439 1557 516 1641 ejus,
532 1555 591 1621 hoo
606 1566 665 1633 est,
678 1556 918 1621 testificaturum
937 1556 976 1621 de
990 1555 1146 1633 lumine,
1132 1577 1166 1619 ιιι
1185 1519 1355 1642 spiritum⁸¹
1344 1588 1363 1617 e
1356 1519 1433 1622 lnl'ir

145 1669 176 1726 et
196 1661 310 1724 virtuto
327 1659 442 1725 Holioe.
488 1659 599 1724 Helias
620 1668 727 1724 autem
742 1680 849 1724 rursus
869 1659 958 1744 eujus
973 1658 1034 1723 Dei
1054 1680 1161 1723 servus
1177 1668 1210 1723 et
1230 1680 1300 1745 pro·

145 1761 242 1878 pheta
264 1761 343 1826 fuit!
365 1761 465 1847 3Εῇιιε
486 1761 538 1845 qui
561 1761 635 1827 leoit
658 1760 771 1826 coelum
789 1769 821 1825 et
838 1769 964 1840 terram,
987 1761 1248 1848 quemadmodum
1267 1769 1300 1827 e
1311 1772 1382 1858 ψει
1368 1819 1391 1859 m
1391 1771 1463 1859 ¹3¹3&ss

144 1863 214 1950 ipse
238 1865 415 1930 confitetur
451 1864 484 1929 A
514 1864 673 1929 conditore
697 1864 792 1951 igitur
816 1871 850 1929 et
872 1863 1056 1929 fabricatore
1078 1864 1171 1950 hujus
1193 1864 1301 1929 mundi

145 1966 261 2031 missus
275 1966 297 2030 J
302 1966 450 2046 ohannes,
466 1967 727 2054 quemadmodum
748 1975 870 2052 poterat
890 1967 1049 2032 testificari
1069 1967 1107 2032 de
1121 1988 1159 2032 eo
1175 1967 1300 2047 lumine,

145 2069 230 2156 quod
253 2090 294 2134 ex
318 2069 368 2135 his
395 2078 563 2156 quaesunt
591 2069 824 2135 innominabilis
841 2076 874 2135 et
900 2070 1064 2135 invisibilia
1087 2070 1301 2136 descenderit?

146 2174 267 2238 Omnes
280 2171 363 2238 enim
377 2172 515 2238 haeretioi
531 2172 742 2250 decreverunt,
761 2173 968 2260 Demiurgum
982 2172 1125 2259 ignorare
1140 2194 1210 2238 eam
1231 2194 1301 2259 quae

145 2275 190 2340 sit
211 2298 305 2362 super
327 2298 399 2341 eum
414 2276 570 2354 virtutem,
585 2275 675 2360 eujus
689 2276 780 2341 testis
800 2285 833 2341 et
855 2289 996 2341 ostensor
1011 2276 1164 2343 invenitur
1177 2275 1202 2339 J
1204 2275 1301 2340 ohan

145 2399 213 2444 nes.
271 2378 404 2464 Propter
437 2378 497 2443 hoo
525 2377 779 2443 Dominusus
702 2379 779 2464 plus
801 2400 894 2464 quom
913 2378 1095 2464 prophetam
1124 2378 1203 2442 dixit
1228 2399 1299 2443 eum
1313 2394 1391 2434 Mans
1345 2394 1465 2481 appas

145 2480 303 2546 habuisse.
358 2481 483 2567 Reliqui
518 2481 602 2546 enim
632 2503 740 2546 omnes
768 2481 928 2567 prophetae
957 2481 1217 2546 annuntiaverunt
1246 2481 1301 2547 ad-

146 2593 276 2649 ventum
301 2585 424 2669 paterni
444 2584 588 2660 luminis;
620 2585 842 2669 concupierunt
867 2592 972 2649 autem
996 2584 1081 2671 digni
1107 2607 1175 2649 esse
1199 2585 1301 2651 videre

147 2709 219 2753 eum
231 2709 323 2774 quem
339 2688 562 2773 praedioabant:
587 2687 610 2751 J
612 2688 750 2752 ohannes
764 2695 870 2753 autem
884 2696 917 2753 et
928 2687 1146 2772 praenuntiavit
1160 2687 1302 2753 similiter

146 2791 230 2856 siout
243 2790 306 2867 alii,
321 2800 354 2856 et
375 2791 590 2855 advenientem
604 2791 680 2855 vidit
695 2800 727 2856 et
742 2791 973 2869 demonstravit,
988 2799 1022 2855 et
1042 2791 1166 2857 eredere
1186 2791 1218 2855 in
1229 2813 1302 2856 eum

146 2894 249 2958 suasit
267 2893 383 2972 multis,
399 2893 444 2959 ita
467 2903 502 2958 ut
517 2894 583 2978 ipse
602 2903 635 2959 et
650 2895 808 2979 prophetae
825 2904 858 2960 et
878 2895 1010 2981 apostoli
1026 2894 1128 2961 locum
1147 2894 1301 2960 habuerit.

148 2996 243 3062 ⁴Hoe
267 3005 317 3062 est
345 2997 429 3061 enim
452 2995 522 3082 plus
547 3019 641 3083 quam
664 2997 833 3084 propheta:
866 2999 1014 3085 quoniam
1036 3000 1141 3084 primo
1163 2998 1463 3084 apostoliam-mn

146 3100 278 3166 serundo
293 3099 472 3185 propitum
497 3101 600 3163 omnia
613 3109 718 3164 autem
734 3123 775 3165 ex
789 3122 852 3166 uno
866 3111 899 3167 et
910 3103 1019 3167 oodem
1034 3102 1101 3187 ipso
1117 3102 1197 3167 Deo.

116 3268 124 3275 ,
215 3205 246 3268 9.
289 3201 432 3266 ⁶Bonum
458 3202 540 3267 enim
567 3210 600 3267 et
623 3203 697 3267 illud
720 3203 803 3290 quod
825 3226 881 3290 per
903 3204 1112 3271 conditionem
1134 3227 1155 3270 a
1176 3205 1246 3271 Deo
1269 3206 1302 3270 in

146 3306 239 3371 vinea
252 3306 370 3370 laetum
385 3315 444 3383 est,
457 3314 490 3371 et
509 3305 608 3392 primo
623 3305 755 3372 bibitum
776 3315 825 3372 est
840 3308 954 3374 vinum
999 3308 1101 3375 Nemo
1124 3309 1207 3375 enim
1227 3309 1302 3374 illud
1313 3340 1361 3381 sa„
1369 3339 1458 3391 usq.

146 3408 333 3494 vituperavit
355 3429 394 3472 ex
408 3408 458 3472 his
478 3408 531 3494 qui
554 3409 714 3482 biberunt;
737 3409 794 3474 sed
816 3417 849 3474 et
872 3409 1027 3475 Dominus
1041 3411 1162 3496 aceepit
1182 3411 1221 3476 de
1241 3433 1300 3477 eo:

147 3512 260 3578 melius
273 3520 378 3577 autem
397 3513 480 3599 quod
494 3533 548 3596 per
564 3510 706 3577 Verbum
721 3512 988 3598 ⁰compendialiter
1008 3535 1046 3578 ae
1060 3513 1242 3598 simpliciter
1261 3536 1301 3579 ex

197 3681 208 3714 ¹
224 3682 277 3731 'l'he
288 3682 388 3731 Cursu,
401 3681 459 3731 MS.
476 3683 550 3730 omits
561 3681 611 3730 this
623 3697 698 3742 verso,
750 3680 966 3744 mrmtunmstorir
973 3697 1050 3745 supro
1061 3682 1180 3732 indicatis
1190 3683 1304 3746 appellet:

147 3765 195 3814 bot
211 3765 233 3813 it
249 3764 272 3813 is
288 3764 368 3813 found
384 3764 410 3812 in
421 3764 465 3812 the
486 3764 537 3812 An.
551 3763 618 3823 MS„
638 3763 702 3812 from
750 3778 818 3825 qrrem
829 3771 956 3813 matoreru
966 3764 1056 3813 mundi
1071 3780 1124 3826 erre,
1137 3764 1187 3827 ipsi
1197 3763 1303 3814 miei

147 3848 250 3896 wheuoe
260 3846 356 3895 Gnatus
367 3845 476 3895 restored
486 3845 600 3895 ittothe
611 3850 672 3896 text.
749 3844 890 3894 stateem.
916 3844 1019 3895 Gasmt,

198 3925 210 3958 ²
227 3928 332 3989 Gabriel,
345 3944 393 3976 ona
404 3927 433 3976 of
440 3929 483 3977 the
494 3927 583 3976 twelve
593 3928 703 3990 rarprxol
799 3926 811 3957 ⁴
827 3926 843 3974 Ι
860 3926 936 3990 adopt
952 3927 995 3975 tha
1013 3927 1113 3977 Casan.
1130 3927 1233 3991 reading
1248 3925 1299 3988 loe,

148 4011 288 4073 ὃγγιλοιοί
290 4011 334 4059 tha
340 4010 445 4059 Gnostio
451 4011 470 4060 J
472 4011 547 4071 ustin,
556 4009 700 4070 Volam.
751 4006 848 4055 instead
858 4007 887 4054 of
894 4005 935 4055 ru
946 4023 972 4055 aa
984 4007 1009 4055 in
1021 4006 1064 4054 tha
1075 4009 1181 4056 Aaurrn.
1196 4006 1252 4056 Ma

198 4090 403 4154 'promiserit
433 4088 703 4152 Nusquantquidemin
799 4087 879 4136 “The
895 4088 1042 4136 translation
1059 4089 1116 4137 bera
1133 4089 1154 4136 is
1165 4104 1192 4136 so
1203 4089 1302 4153 abrupt,

147 4172 173 4222 Β.
198 4171 335 4234 Scriptura,
358 4176 478 4234 quantum
498 4169 605 4230 numini,
631 4169 704 4218 Elina
751 4170 807 4219 that
830 4170 925 4219 Gusuu
947 4176 1058 4234 suspects
1076 4188 1091 4219 a
1109 4171 1199 4219 laeana
1217 4171 1242 4219 iu
1260 4172 1304 4220 the

148 4254 229 4303 Deum
244 4269 323 4312 suum,
338 4260 465 4302 σναιωιειιι
481 4251 533 4300 ceti
546 4258 567 4300 et
580 4258 649 4300 terres
664 4251 703 4299 di·
750 4256 813 4301 text,
848 4252 901 4300 The
918 4252 1011 4301 seotion
1034 4252 1116 4300 works
1135 4252 1173 4300 off
1190 4253 1244 4301 into
1262 4253 1305 4302 the

146 4342 207 4385 serre
219 4335 345 4399 professus
361 4334 464 4396 lepitum
481 4333 536 4381 brae
552 4339 631 4380 tumen
645 4331 704 4381 inde
751 4335 851 4397 general
862 4334 958 4397 subject
969 4339 1011 4383 too
1022 4334 1147 4398 naturally
1158 4340 1185 4382 to
1196 4335 1268 4383 allow
1279 4334 1309 4383 ol'

147 4417 277 4478 oollr'pitur,
296 4416 362 4479 qaod
377 4430 454 4477 supra
475 4413 557 4479 [Tom.
575 4426 605 4462 11.
621 4429 647 4478 p.
661 4411 702 4476 24]
751 4417 794 4464 the
809 4416 963 4479 supposition
981 4417 1037 4465 that
1054 4417 1074 4465 it
1090 4416 1111 4464 is
1127 4416 1280 4480 transposed.

146 4495 704 4555 inwoetDeunrAbralam,DeumIraao,Deum
800 4494 811 4526 ⁶
837 4495 1046 4558 Cornpeudialiter,
1082 4498 1211 4558 συντόμωι,
1225 4558 1228 4565 Ι
1243 4497 1305 4545 with

148 4579 240 4639 Ιαεοόι
251 4580 360 4644 quodque
367 4577 531 4630 Deumlrroel
541 4575 704 4626 abominant
751 4577 874 4626 releremo
884 4583 911 4627 to
922 4578 965 4628 the
976 4579 1063 4643 simple
1074 4583 1115 4629 sot
1122 4580 1151 4628 of
1159 4578 1306 4640 eonvertiag
