3000 4994
545 347 694 401 sancum
716 345 848 399 arnus
1218 325 1283 391 251

129 506 284 571 Dominus
297 505 361 570 ait:
390 503 501 568 Facito
518 502 598 567 cobis
616 502 728 566 amicos
747 500 784 564 dc
804 520 973 565 maroniano
989 496 1173 582 iniqu-itatis,
1194 504 1228 559 ut
1241 495 1284 573 li,
1320 508 1423 594 &pfl-

127 608 248 694 qmmdo
264 611 272 648 ¹
271 607 383 692 fugati
388 605 528 690 fueritis,
544 604 697 690 recipiant
710 614 759 667 cos
774 603 806 665 in
820 611 935 666 oetcmm
950 599 1156 666 tadmoaculo.
1193 599 1284 681 Quac-
1297 602 1386 688 (ἕως
1395 600 1447 686 {ly

128 733 249 798 cunque
273 710 356 775 enim
385 731 456 774 cum
492 729 632 773 essemus
657 706 774 772 ethnici
803 707 842 771 de
876 703 1030 793 injustitia
1054 702 1282 791 acquisivimus,
1295 695 1448 781 ,222⁶-

127 815 205 891 baec,
216 837 287 879 cum
299 813 529 889 crediderimus,
542 812 575 875 in
589 811 760 876 dominicas
775 809 926 876 utilitates
939 814 1179 886 ²convertentes,
1192 806 1283 894 justi·
1296 807 1345 846 ιω·
1355 804 1398 845 ‘'l·
1406 805 1426 843 ⁹·

128 917 276 990 ficamur3
300 914 473 979 necessarie
487 913 583 1000 igitur
597 913 665 977 haec
680 913 712 976 in
727 920 802 998 typo
817 911 1122 998 praemeditabantur,
1137 916 1171 974 ct
1185 909 1284 973 taber.

128 1017 273 1082 naculum
295 1017 357 1081 Dei
379 1037 419 1080 cx
441 1015 491 1079 his
513 1014 700 1079 fabricatur:
724 1013 783 1078 illis
803 1013 927 1100 quidem
944 1012 1030 1098 juste
1052 1010 1284 1097 accipientibus,

131 1119 390 1207 quemadmodum
405 1117 617 1191 ostendimus;
638 1115 846 1181 nobisautem
859 1115 1057 1202 praeostensis
1067 1113 1119 1177 ³in
1133 1113 1219 1199 ipsis,
1230 1111 1285 1200 qui

131 1223 335 1311 inciperemus
348 1243 405 1310 per
417 1221 518 1286 aliena
534 1221 604 1286 Deo
619 1220 784 1285 deservire.

568 1453 669 1521 GAP.
694 1454 847 1521 XLVII.

184 1593 502 1687 Quemadmodum
524 1619 601 1668 uno
626 1593 812 1669 eteoclem
832 1592 969 1694 populi
988 1591 1165 1693 profectio
1190 1619 1233 1667 aa

267 1712 441 1810 AEyypto,
461 1725 493 1785 et
510 1710 684 1785 Ecclesia
701 1737 745 1785 aa
759 1712 924 1809 gentibus
940 1711 1150 1787 ostenditur.

31 1890 58 1927 o.
68 1889 112 1926 aas
191 1861 377 1926 Unrvnnsa
393 1860 477 1925 enim
491 1882 562 1947 quac
576 1882 617 1925 ex
631 1862 778 1947 AEgypto
791 1860 939 1947 protectio
951 1861 1046 1927 fiebat
1061 1859 1175 1946 populi,
1186 1882 1207 1926 a
1219 1859 1289 1926 Deo

132 1973 225 2052 typus
247 1973 279 2030 et
304 1965 409 2052 imago
432 1965 492 2029 fuit
518 1964 718 2050 profectionis
746 1965 906 2043 Ecclesiae,
932 1986 1002 2052 quae
1029 1973 1096 2031 erat
1120 1965 1225 2029 lutura
1249 1985 1289 2028 ex

133 2069 296 2156 gentibus:
319 2076 446 2154 propter
465 2069 525 2134 hoc
543 2076 576 2133 et
591 2068 624 2132 in
638 2069 700 2133 line
714 2068 850 2135 educens
863 2091 933 2135 eam
947 2069 1020 2135 hinc
1039 2069 1070 2133 in
1088 2090 1177 2132 suam
1192 2067 1290 2132 harre·

133 2173 274 2250 ditatem,
290 2195 382 2259 quam
399 2194 461 2237 non
483 2173 613 2259 Moyses
627 2173 751 2259 quidem
766 2174 901 2240 famulus
917 2173 987 2252 Dei,
1006 2174 1062 2238 sed
1077 2173 1101 2237 J
1102 2195 1174 2238 esus
1190 2170 1291 2236 Filius

135 2274 196 2339 Dei
215 2274 248 2338 in
262 2274 476 2339 haereditatcm
491 2274 589 2340 dabit.
633 2275 667 2339 Si
683 2275 753 2362 quis
766 2284 873 2341 autem
888 2275 1068 2362 diligentius
1085 2273 1228 2339 intendat
1241 2272 1291 2338 bis

134 2398 203 2463 quae
218 2398 238 2441 a
252 2377 412 2463 prophetis
426 2377 571 2442 dicuntur
584 2377 624 2442 dc
638 2377 712 2458 tine,
723 2386 756 2443 et
771 2401 961 2465 quaecunque
976 2379 1000 2443 J
1002 2379 1140 2444 ohannes
1158 2376 1292 2461 discipu·

135 2481 183 2545 lus
195 2480 323 2545 Domini
335 2480 411 2545 vidit
422 2480 455 2544 in
467 2479 667 2567 Apocalypsi,
678 2480 812 2546 inveniet
823 2482 947 2547 easdem
959 2482 1068 2568 plagas
1082 2479 1293 2545 universaliter
1305 2490 1355 2529 Μ·
1363 2499 1397 2527 rr·
1407 2489 1450 2527 ”¹-

135 2583 277 2670 accipere
290 2590 411 2669 gentes,
428 2604 506 2668 quas
525 2591 602 2647 tunc
617 2581 827 2668 particulatim
845 2584 965 2668 accepit
980 2584 1155 2670 AEgyptus
1203 2581 1293 2646 Talia

136 2686 279 2772 quaedam
294 2706 442 2749 enarrans
456 2684 496 2749 de
510 2684 647 2770 antiquis
661 2685 831 2771 presbyter,
847 2685 1006 2750 reficiebat
1020 2707 1088 2764 nos,
1103 2693 1136 2749 et
1148 2684 1289 2750 dicebat:

137 2798 157 2826 “
171 2788 221 2853 De
245 2786 312 2852 ⁴his
335 2787 459 2873 quidem
481 2786 611 2864 delictis,
630 2787 670 2850 de
696 2787 808 2874 quibus
833 2788 909 2874 ipsae
938 2788 1105 2873 Scripturae
1132 2786 1293 2873 increpant

137 2890 328 2976 patriarchas
342 2897 375 2954 et
390 2889 568 2976 prophetas,
592 2911 650 2955 nos
669 2912 732 2955 non
753 2899 895 2977 oportere
914 2892 1101 2976 exprobrare
1115 2889 1171 2968 eis,
1193 2911 1294 2976 nequo

136 2991 202 3056 lieri
217 2992 333 3074 similes
349 2991 459 3070 Obam,
479 2992 531 3078 qui
553 2992 647 3057 irrisit
662 2993 885 3079 turpitudinem
901 2993 1073 3080 patrissui,
1094 3001 1127 3057 ct
1148 2992 1180 3055 in
1199 2993 1292 3057 male·

136 3095 303 3159 dictionem
326 3094 459 3164 decidit;
489 3095 546 3160 scd
566 3095 686 3181 gratias
708 3116 802 3182 agere
823 3116 880 3180 pro
902 3095 963 3159 illis
986 3095 1065 3170 Deo,
1089 3095 1236 3180 quoniam
1261 3094 1294 3159 in

136 3197 270 3261 adventu
298 3195 426 3261 Domini
455 3197 555 3262 nostri
580 3196 710 3261 remissa
735 3206 808 3262 sunt
834 3198 880 3262 cis
905 3207 1050 3283 peccata:
1085 3198 1201 3263 etenim
1224 3197 1294 3262 illos

137 3299 260 3365 dicebat
282 3299 400 3386 gratias
420 3320 523 3385 agere,
544 3305 577 3363 et
601 3298 742 3385 ⁶gloriari
770 3301 802 3362 in
823 3308 931 3364 nostra
953 3299 1064 3366 salute.
1109 3301 1160 3365 De
1182 3300 1294 3385 quibus

137 3410 242 3466 autem
265 3401 433 3486 Scripturas
453 3423 516 3465 non
531 3401 702 3487 increpant,
722 3403 779 3467 sed
800 3403 982 3489 simpliciter
1000 3412 1075 3470 sunt
1094 3405 1215 3491 positae,
1235 3427 1294 3471 nos

138 3525 200 3568 non
219 3503 332 3568 debere
352 3502 420 3567 lieri
437 3511 646 3582 accusatores,
662 3525 725 3570 non
746 3505 830 3569 enim
850 3527 958 3571 sumus
980 3507 1191 3595 diligentiores
1211 3507 1292 3585 Deo,

138 3627 239 3690 neque
253 3627 347 3691 super
361 3604 545 3690 magistrum
559 3626 723 3691 possumus
738 3628 816 3685 esse,
837 3608 893 3673 sed
908 3617 1016 3695 typum
1029 3631 1177 3695 quaerere.
1208 3609 1294 3673 Nihil

138 3708 221 3773 enim
242 3709 377 3773 otiosum
399 3717 448 3773 est
470 3730 577 3773 eorum
591 3729 783 3795 quaecunque
802 3710 1022 3776 inaccusabilia
1043 3713 1146 3799 posita
1165 3719 1240 3776 sunt
1261 3711 1293 3775 in

140 3810 344 3898 Scripturis.”

188 3937 198 3970 ¹
209 3938 296 4002 fugati
307 3939 418 4003 fueritis,
437 3955 453 3987 a
467 3946 570 4002 strango
586 3939 691 3988 transda-
741 3942 772 3990 ba
783 3948 880 4006 greater
891 3943 964 3991 iftho
975 3944 1030 3993 first
1038 3959 1102 3992 were
1114 3943 1156 3991 tho
1165 3944 1217 4008 plu.
1227 3949 1292 4008 part.

139 4022 193 4069 tion
208 4021 247 4069 lor
261 4022 385 4080 ἐκλίπητε.
420 4021 536 4085 Possibly
551 4022 594 4070 tho
611 4027 693 4069 trans·
742 4041 769 4073 as
781 4026 806 4073 in
818 4025 860 4074 the
872 4025 962 4086 Greek,
974 4041 993 4075 c.
1001 4041 1025 4087 y.
1046 4025 1231 4144 ew

139 4101 203 4151 lator
222 4102 282 4150 read
300 4103 445 4166 tmpdme.
480 4102 584 4166 Itmay
602 4103 693 4151 boob
791 4138 802 4171 3
813 4142 853 4188 AB
878 4139 1292 4188 butchvffivgmmam

139 4185 233 4279 nram,
252 4186 309 4279 tuse
321 4187 356 4250 ny
370 4186 473 4279 ‘llll‘
487 4185 559 4235 vara
572 4185 637 4234 aaa
650 4186 694 4234 tus
791 4219 802 4252 ,
818 4177 925 4283 ,aym
935 4176 997 4278 Μ’.)
1012 4175 1108 4280 cala,
1122 4219 1226 4268 omme,
1238 4220 1292 4280 Q

141 4268 227 4331 Syriac
245 4283 342 4316 version
361 4268 443 4332 rmgbt
465 4269 496 4316 bs
517 4267 589 4315 mado
607 4272 634 4315 to
651 4283 692 4315 ax·
742 4302 822 4350 Voss·
847 4302 933 4350 ΜΔΕ
958 4301 1045 4349 ΞΜ.

139 4367 207 4414 rresa
222 4351 300 4400 eum
315 4350 392 4412 amm
405 4367 434 4400 ⁰1
444 4348 547 4412 f²¹⁹⁰²iss
562 4349 606 4396 ³¹⁶
625 4349 693 4397 Μὰ
791 4383 802 4414 ⁴
819 4338 873 4442 bn,
884 4338 964 4433 vols.
976 4382 1006 4430 a
1016 4381 1104 4430 mam
1115 4380 1224 4438 arram·
1239 4383 1291 4433 ns.

141 4459 177 4491 wc
189 4442 247 4490 read
258 4443 278 4490 ia
291 4427 477 4547 Qdefitlb
489 4441 537 4488 bui
547 4423 694 4541 5·me
743 4465 772 4514 de
782 4465 831 4514 liic
841 4464 945 4527 partilem,
952 4465 1034 4513 where
1044 4463 1094 4512 lu'r'r
1104 4470 1241 4530 representa
1252 4465 1292 4514 er's.

141 4554 417 4617 wouldbesmyoti,·and
426 4549 692 4614 thosimilaritywould
792 4545 803 4576 ⁸
820 4546 875 4606 Cn,
889 4545 970 4594 Voss.
987 4544 1130 4608 glorificari.

1079 4635 1198 4698 lo-a
