3000 4994
231 317 296 382 128
392 366 426 402 ..¹
524 330 778 403 rraxmonaon
797 330 864 392 our
884 328 1090 385 oauacnun

87 504 192 639 'gffl
664 529 765 595 onr.
789 527 950 593 xxxv.

96 647 175 685 xxxvii.

76 691 205 748 ursam
382 667 507 757 Quare
519 664 704 764 foliofica‘
726 664 981 740 circumcinxit
1003 691 1040 738 sc
1062 663 1214 749 Adam·
1270 664 1331 750 Et,

97 738 158 778 xrrtt.
165 742 185 777 a.

69 812 216 823 -··-
375 787 500 877 Quarc
517 785 564 861 dc
584 785 775 860 Puradiao
793 784 922 859 Adam
933 783 1090 883 projecit
1108 785 1218 858 Deua.

292 919 320 982 l.
360 915 466 981 (baon
491 916 597 981 Adam
620 924 725 981 autem
746 915 823 979 nihil
845 915 906 980 tale
928 915 1046 980 lactum
1068 922 1127 991 est,
1146 914 1202 979 sed
1224 913 1328 978 omnia
1349 913 1381 976 in

230 1019 428 1085 contrarium.
467 1019 522 1084 Ab
539 1020 637 1085 altero
655 1018 739 1084 enirn
761 1020 910 1084 seductus
934 1019 994 1082 sub
1017 1018 1179 1083 occasione
1203 1015 1382 1081 immortali·

229 1122 315 1199 tatis,
338 1122 447 1187 statim
468 1122 580 1187 timore
602 1120 768 1207 corripitur
789 1129 822 1185 et
844 1120 1062 1186 absconditur:
1087 1142 1149 1185 non
1171 1118 1258 1206 quasi
1281 1118 1382 1204 possit

229 1225 365 1312 effugere
391 1226 507 1304 Deum,
533 1227 590 1291 sed
612 1225 768 1302 confusus,
791 1225 937 1312 quoniam
958 1232 1171 1311 transgressus
1193 1232 1382 1309 praeceptum

66 1340 216 1434 {pop-¹¹⁰3
230 1328 299 1414 ejus
313 1326 460 1414 indignus
481 1335 531 1393 est
550 1326 653 1392 venire
668 1327 701 1391 in
716 1335 918 1413 conspectum
932 1335 965 1392 et
979 1326 1165 1412 colloquium
1180 1325 1252 1391 Dei
1278 1325 1382 1390 Timor

65 1433 96 1473 ¹2
229 1438 335 1495 autem
360 1431 491 1495 Domini
514 1431 639 1495 initiunt
664 1430 888 1516 isamberti&
912 1429 1090 1495 intellectus
1111 1451 1184 1494 vero
1210 1436 1382 1516 transgres-

228 1531 326 1597 sionis
348 1532 423 1598 lecit
446 1532 683 1619 poenitentiam·
705 1532 929 1618 poenitentibus
952 1541 1058 1597 autem
1083 1532 1214 1618 largitur
1242 1531 1382 1617 benigni·

228 1642 327 1701 tatem
352 1658 441 1700 suam
461 1636 560 1702 Deus.
605 1635 732 1700 Etenim
751 1658 806 1722 per
825 1636 1066 1701 succinctorium
1086 1635 1117 1699 in
1138 1635 1222 1700 lacto
1245 1635 1382 1700 ostendit

111 1791 117 1804 .
176 1792 182 1804 .
227 1757 317 1802 suam
341 1737 568 1822 poenitentiam,
593 1737 690 1802 ¹loliis
711 1737 852 1803 ficulneis
871 1736 1073 1824 semetipsum
1088 1745 1267 1824 contegens,
1283 1737 1381 1801 exsis-

228 1840 367 1905 tentibus
394 1849 427 1905 et
455 1840 525 1905 aliis
546 1840 628 1906 loliis
657 1839 774 1920 multis,
804 1862 874 1926 quae
903 1840 1006 1905 minus
1034 1863 1146 1926 corpus
1171 1841 1239 1925 ejus
1267 1862 1381 1906 vexare

227 1941 419 2029 potuissent:
443 1941 632 2027 condignum
655 1949 762 2007 tamen
786 1942 1002 2007 inobedientiae
1024 1943 1173 2007 amictum
1196 1942 1281 2021 fecit,
1307 1965 1380 2009 con-

226 2045 355 2111 territus
378 2044 488 2110 timore
515 2044 597 2119 Dei3
628 2052 661 2109 et
685 2045 854 2110 retundens
873 2044 1065 2130 petulantem
1089 2046 1192 2110 carnis
1218 2046 1379 2133 impetum,

227 2148 373 2234 quoniam
385 2147 520 2213 indolem
534 2155 566 2213 et
581 2147 730 2234 puerilem
744 2148 891 2212 amiserat
904 2169 1040 2226 sensum,
1056 2155 1089 2214 et
1103 2149 1135 2212 in
1158 2150 1379 2236 cogitationem

227 2251 368 2338 pejorum
390 2258 528 2328 venerat,
543 2251 674 2314 fraenum
696 2250 895 2315 continentiae
917 2251 977 2316 sibi
999 2258 1032 2316 et
1052 2251 1141 2315 uxori
1160 2274 1225 2316 suae
1249 2252 1380 2318 circum·

227 2353 323 2432 dedit,
340 2354 454 2418 timens
476 2354 580 2418 Deum
602 2362 635 2418 et
654 2353 823 2418 adventum
845 2353 914 2438 ejus
937 2362 1133 2440 exspectans,
1156 2364 1189 2421 et
1213 2355 1297 2419 velut
1316 2355 1379 2419 tale

227 2457 302 2542 quid
327 2457 526 2545 significans:
561 2456 725 2539 Quoniam,
752 2456 862 2541 inquit,
887 2479 957 2521 eam
980 2478 1074 2541 quam
1099 2456 1193 2521 habui
1216 2478 1237 2521 a
1260 2456 1379 2542 Spiritu

226 2560 402 2625 sanctitatis
416 2560 528 2625 stolam
542 2558 631 2624 amisi
646 2581 702 2644 per
716 2558 966 2638 inobedientiam
982 2568 1015 2624 et
1029 2582 1111 2624 nunc
1126 2581 1281 2646 cognosco
1295 2560 1379 2645 quod

226 2662 287 2726 sim
310 2663 423 2750 dignus
448 2662 503 2727 tali
526 2670 716 2750 tegumento,
743 2662 825 2748 quod
850 2661 1087 2726 delectationem
1113 2662 1238 2749 quidem
1261 2662 1378 2726 nullam

226 2773 365 2850 praestat,
377 2766 498 2830 mordet
512 2774 617 2830 autem
629 2772 661 2829 et
673 2765 785 2851 pungit
799 2786 922 2849 corpus.
967 2764 1012 2828 Et
1026 2763 1086 2828 hoc
1101 2764 1242 2829 videlicet
1256 2786 1379 2849 semper

227 2866 386 2933 habuisset
406 2867 631 2945 indumentum,
652 2867 819 2932 humilians
839 2866 1050 2951 semetipsum,
1072 2867 1132 2932 nisi
1148 2867 1302 2931 Dominus
1324 2866 1378 2952 qui

227 2977 276 3034 est
291 2970 464 3034 misericors
478 2970 601 3034 tunicas
616 2969 760 3054 pelliceas
774 2992 830 3054 pro
845 2970 924 3035 loliis
939 2971 1079 3036 ficulneis
1094 2969 1246 3035 induisset
1261 2993 1324 3035 eos.

292 3076 322 3138 2.
368 3072 502 3158 Propter
530 3073 589 3138 hoc
615 3082 720 3138 autern
742 3082 775 3138 et
796 3074 969 3160 interrogat
992 3095 1057 3153 eos,
1082 3075 1127 3139 uti
1151 3074 1191 3138 ad
1218 3075 1378 3139 mulierem

226 3175 344 3240 veniret
365 3176 540 3250 accusatio;
564 3187 596 3242 et
617 3177 702 3241 illam
724 3199 831 3241 mrsus
852 3176 1034 3265 interrogat,
1061 3177 1108 3242 uti
1131 3177 1170 3242 ad
1201 3187 1377 3262 serpentem

110 3335 115 3348 .
132 3309 153 3346 ·.
225 3278 452 3344 transmitteret
467 3280 617 3345 ’causam
664 3278 754 3344 Dixit
768 3280 851 3344 enim
863 3280 945 3368 quod
960 3280 1061 3345 luerat
1076 3281 1212 3345 lactum:
1236 3282 1376 3367 Serpens,

225 3380 280 3457 ait,
295 3382 416 3446 reducit
430 3404 483 3461 me,
499 3392 528 3448 ot
542 3382 736 3446 rmndacaci.
783 3381 966 3467 Serpentem
981 3405 1053 3448 vero
1071 3405 1133 3447 non
1155 3383 1376 3470 interrogavit;

225 3483 344 3549 sciebat
358 3485 441 3548 enim
457 3507 528 3550 eum
543 3485 713 3571 principem
729 3486 984 3572 transgressionis
997 3486 1135 3561 lactum3
1156 3487 1211 3551 sed
1232 3487 1377 3552 maledic·
1391 3518 1420 3557 n.
1430 3519 1474 3558 222

225 3594 294 3651 tum
319 3585 419 3672 primo
441 3586 570 3652 immisit
592 3587 625 3650 in
646 3609 728 3664 eum,
748 3587 794 3651 uti
816 3588 952 3652 secunda
974 3587 1184 3674 increpatione
1205 3588 1331 3653 veniret·
1345 3589 1377 3652 in

224 3688 391 3754 hominem.
439 3690 522 3754 Eum
537 3690 620 3755 enim
636 3690 731 3754 odivit
747 3689 845 3767 Deus,
861 3690 913 3776 qui
929 3691 1054 3756 seduxit
1068 3691 1245 3764 hominem;
1262 3692 1290 3757 ei
1306 3713 1378 3756 vero

225 3816 278 3878 qur
269 3792 440 3857 seductus
454 3800 513 3869 est,
529 3791 644 3856 sensim
660 3791 872 3878 paulatimque
886 3792 1031 3857 misertus
1047 3802 1105 3859 est
1136 3796 1331 3879 Quapropter
1345 3803 1378 3860 et

62 3927 113 3968 oen
122 3928 151 3968 n
161 3929 214 3969 ηρ,
224 3897 317 3982 ejecit
331 3918 402 3961 eum
418 3896 457 3961 de
473 3894 634 3970 Paradiso,
650 3904 682 3960 et
702 3916 722 3959 a
739 3894 824 3982 ligno
838 3895 911 3960 vitae
931 3896 1024 3984 longe
1041 3897 1219 3962 transtulit:
1211 3920 1306 3962 ·non
1332 3899 1377 3961 in-

224 3999 373 4065 videns
346 4021 375 4064 er
390 3999 508 4086 lignum
523 3997 606 4076 vitae,
623 3997 883 4083 quemadmodum
895 4000 1012 4063 audent
1026 3999 1168 4087 ⁸quidrm
1184 3999 1305 4075 dicere·
1320 4001 1377 4065 sed

272 4138 283 4171 ¹
298 4139 367 4198 Quod
377 4137 776 4201 qrmrnriafmrctuaficulnmauu·
827 4138 949 4199 dcrirq'
925 4155 993 4187 cerata
1009 4139 1075 4188 tund
1091 4140 1188 4188 ornrrino
1204 4139 1285 4187 bausit
1295 4154 1312 4186 α
1326 4154 1376 4185 anu-

223 4221 276 4269 vior
287 4221 422 4281 amaricent,
436 4220 537 4283 atfolia
548 4219 659 4268 duriora.
679 4219 773 4279 Pluto,
826 4218 891 4281 lipni
911 4219 1026 4282 serpentia
1044 4220 1212 4282 primoqanitc,
1231 4219 1292 4267 sirm
1311 4234 1328 4266 a
1348 4218 1373 4266 S.

226 4302 468 4361 Qn.inGcn.1.41.
827 4301 923 4363 [pactio
940 4302 1086 4364 appellatur,
1105 4302 1201 4351 diram
1216 4302 1297 4362 Mapo.
1329 4299 1374 4348 On.

273 4381 409 4443 2ἀναφέρῃ
421 4386 464 4442 τὴν
476 4384 561 4444 αἰτίαν,
575 4384 591 4432 i.
602 4401 623 4433 a.
636 4383 741 4446 culpo-m.
824 4383 922 4443 ululent,
947 4385 992 4432 but
1010 4384 1100 4443 Voss,
1125 4383 1189 4431 Fau.
1213 4397 1288 4441 aram.
1312 4382 1376 4430 have

274 4462 330 4511 ⁸St
347 4464 462 4513 Marcion
473 4464 509 4525 id,
523 4466 587 4528 qnod
598 4465 638 4513 bic
650 4464 773 4527 reprenen-
824 4464 903 4525 aarlct,
921 4467 1039 4530 omitting
1057 4466 1099 4514 the
1117 4465 1188 4513 mark
1206 4464 1235 4511 ol
1249 4464 1375 4511 abbrevia-

224 4544 300 4605 drlur,
309 4561 410 4594 murare
420 4546 558 4608 crnmsuit,
568 4545 689 4608 -ntisrraeile
697 4547 772 4595 ercali-
823 4546 885 4596 tion.
899 4549 950 4597 Aa.
959 4546 1159 4610 qnernodmodnan
1166 4544 1267 4609 quidam
1279 4545 1373 4595 dicarat.
