3000 4994
457 340 633 394 erronum
661 340 975 394 uncamnunamo.
1223 327 1288 396 377

137 491 344 556 substantiam
359 492 436 578 ejus.
477 491 543 556 Alii
564 491 688 578 quidem
708 495 816 578 ¹p0rro
836 503 868 558 et
883 494 975 581 louge
992 494 1226 582 separatamab
1241 517 1289 574 eo,
1335 519 1387 559 mn
1398 520 1424 559 v.

1342 567 1387 605 xix.
1395 569 1414 605 2.

38 612 63 652 o.
73 613 114 652 eo
138 593 191 679 qui
207 604 255 659 est
270 594 439 659 seeundum
455 594 540 680 ipsos
553 594 658 673 Patre,
674 616 699 680 a.
708 595 876 680 semetipsa
890 595 1056 675 ²floruisse,
1072 603 1104 661 et
1118 617 1187 661 esse
1201 618 1242 660 ex
1255 619 1290 662 se
1310 612 1392 699 Gffls·
1401 612 1445 698 ψ·

138 706 256 762 natam.
292 697 377 760 ³Alii
397 706 503 762 autem
518 697 549 760 in
564 697 615 760 his
633 719 703 782 quae
719 699 918 762 eontinentur
936 719 956 762 a
972 699 1078 776 Patre,
1097 697 1135 762 de
1151 698 1238 764 Labe
1257 709 1291 765 et
1338 706 1409 745 Μ

138 799 313 885 ignorantia
324 801 531 865 substantiam
544 800 699 866 habuisse.
736 800 802 865 Alii
822 810 928 865 autem
946 801 1164 866 ⁴manilestum
1178 801 1290 867 adveu-
1304 782 1453 793 *—

138 910 205 966 tum
236 902 364 968 Domini
393 912 605 982 contemnunt,
636 904 880 969 incarnationem
909 906 977 991 ejus
1006 927 1069 971 nou
1094 906 1290 991 recipientes.

138 1004 203 1068 Alii
217 1014 323 1070 autem
343 1029 450 1071 rursus
463 1006 641 1094 ignorantes
658 1006 800 1093 Virginis
817 1007 1090 1093 dispensationem,
1110 1030 1151 1072 ex
1168 1008 1192 1072 J
1194 1008 1291 1095 osepb

138 1109 246 1173 dieunt
260 1132 331 1174 eum
346 1119 538 1196 generatum.
571 1110 616 1174 Et
629 1110 752 1196 quidam
769 1111 893 1196 quidem
907 1133 1007 1198 neque
1020 1112 1157 1176 animam
1170 1118 1289 1191 ⁵suam‚

138 1234 238 1298 neque
259 1213 371 1298 eorpus
392 1213 529 1300 recipere
549 1235 640 1297 posse
662 1214 770 1279 dieunt
789 1223 939 1279 artemam
961 1215 1067 1292 vitam,
1089 1215 1145 1279 sed
1167 1224 1290 1279 tantum

138 1314 295 1379 hominem
309 1314 497 1381 interiorem.
542 1315 623 1381 Esse
636 1324 742 1380 autem
756 1317 839 1383 hune
853 1338 924 1381 eum
939 1317 992 1403 qui
1007 1317 1100 1382 ineis
1118 1317 1161 1382 sit
1179 1339 1291 1382 sensus

138 1417 254 1496 volunt,
275 1439 367 1505 quem
389 1426 422 1483 et
438 1417 539 1483 solum
559 1419 727 1485 escendere
747 1419 787 1484 ad
807 1420 978 1505 perfeetum
998 1422 1178 1485 decernunt.
1224 1420 1290 1484 Alii

138 1530 244 1586 autem
258 1523 364 1587 anima
380 1522 507 1601 salvata,
523 1544 586 1587 nou
600 1523 779 1609 participari
794 1545 906 1609 eorpus
920 1525 1059 1608 ipsomm
1073 1545 1143 1588 eam
1157 1545 1227 1608 quae
1241 1531 1290 1588 est

138 1647 158 1690 a
173 1624 243 1689 Deo
253 1625 397 1703 salutem,
413 1624 672 1710 quemadmodum
688 1626 720 1689 in
736 1626 836 1711 primo
850 1626 986 1691 diximus
999 1626 1088 1692 libro.
1127 1625 1166 1689 ln
1181 1647 1242 1711 quo
1257 1632 1291 1690 et

138 1737 321 1815 argumenta
339 1749 446 1793 eorum
466 1727 603 1792 omnium
618 1728 837 1807 enarravimus,
852 1739 885 1795 et
902 1728 1069 1794 invalidum
1090 1730 1237 1816 ipsorum,
1258 1736 1291 1793 et

139 1830 343 1897 inconstabile
358 1830 390 1895 in
404 1830 541 1896 seeundo
556 1830 759 1897 ostendimus.

610 2146 712 2212 OAP.
737 2144 822 2209 XX.

140 2316 337 2394 Aodieodi
361 2330 443 2392 suot
468 2317 651 2408 Pastore,
687 2316 817 2415 quibus
842 2315 1013 2415 Apostoli
1038 2317 1292 2394 ammiserant

216 2435 412 2526 Ecclesiae,
439 2447 602 2509 onomat
620 2433 774 2508 eaodem
789 2432 917 2507 salutas
939 2432 1146 2509 doctrinam
1161 2435 1292 2511 bobera-

213 2566 278 2628 tes:
302 2551 481 2652 sepiendi
509 2565 631 2625 autem
662 2549 830 2638 lroeretioi,
863 2563 895 2626 et
922 2549 963 2624 io
984 2550 1086 2648 fidei
1113 2552 1294 2650 mysteriis

216 2670 333 2746 sobrie
357 2668 589 2768 sopiendum.

41 2876 124 2920 meu.
144 2856 174 2919 l.
210 2853 332 2918 Ounno
347 2852 431 2917 enim
447 2851 468 2915 ii
483 2852 571 2916 valde
590 2851 776 2937 posteriores
790 2859 866 2917 sunt
880 2874 973 2938 quam
988 2853 1164 2940 6Ερὶεοορί,
1184 2855 1295 2941 quibus

144 2954 289 3043 Apostoli
308 2955 503 3019 tradiderunt
523 2954 698 3020 Ecclesiae:
722 2964 754 3020 et
774 2954 833 3021 hoe
853 2956 887 3020 in
905 2956 998 3021 tertio
1021 2956 1099 3022 libro
1119 2980 1189 3022 eum
1210 2961 1294 3025 omni

192 3163 202 3196 ¹
214 3179 291 3228 porro
307 3169 335 3212 et.
370 3163 423 3212 The
439 3163 567 3223 subjectis
583 3163 634 3211 still
650 3164 694 3212 the
743 3163 906 3224 χωρονμίνοις,
922 3164 948 3222 ἐξ
963 3162 1127 3225 ὑστερήματος
1145 3165 1185 3213 καὶ
1199 3165 1296 3226 ἀγνοίας

143 3246 295 3310 origination
304 3244 332 3292 of
337 3249 438 3306 matter,
444 3245 525 3293 which
534 3245 554 3292 is
561 3244 696 3293 continued
742 3245 788 3304 τὴν
799 3245 881 3293 οὐσίαν
892 3244 1027 3305 ἐσχηκέναι.

143 3326 169 3375 iu
185 3327 229 3374 the
245 3330 305 3374 next
316 3330 438 3374 sentence.
473 3326 552 3374 Porro
568 3325 695 3389 evidently
792 3324 837 3376 ⁴f.
857 3326 874 3375 1.
892 3325 1024 3388 manifeste.
1070 3326 1122 3376 AB.
1146 3334 1297 3376 eademnam

142 3408 228 3456 makes
238 3422 271 3455 no
279 3422 358 3455 sense.
392 3407 493 3455 Editors
501 3406 622 3455 therefore
630 3407 694 3455 have
744 3405 874 3455 mamam
884 3406 1132 3468 Domini,etiooaro.

143 3490 239 3538 mooted
250 3489 271 3537 it
281 3505 308 3536 as
320 3489 362 3537 the
374 3488 456 3537 Greek
468 3489 555 3552 πόῤῥω,
570 3504 603 3537 au
615 3489 692 3552 hypo-
793 3488 804 3520 ⁶
822 3504 901 3549 mmm,
922 3489 976 3550 Gla,
996 3489 1041 3539 but
1059 3490 1164 3539 omitted
1181 3491 1215 3554 by
1231 3491 1293 3552 Aa„

143 3571 220 3619 thesis
241 3575 287 3619 not
303 3586 371 3619 more
387 3571 514 3619 fortunate
537 3571 599 3619 than
622 3570 696 3619 Hw-
744 3570 820 3631 Vrm,
834 3570 913 3619 Voss.

144 3653 245 3700 mans’s
256 3653 317 3715 ἔργα
328 3653 405 3714 μωρὰ.
439 3664 458 3700 1.
475 3662 530 3713 373,
550 3664 573 3711 5,
594 3650 645 3699 and
662 3649 694 3698 el.
792 3650 804 3683 ⁰
820 3652 856 3700 To
868 3658 972 3702 oonneet
982 3654 1026 3702 the
1036 3653 1229 3715 firstBishopot'
1236 3654 1296 3702 each

144 3745 163 3783 1.
186 3733 239 3795 383,
263 3747 286 3795 3.
321 3732 604 3796 1pr0poserather,p7
622 3732 694 3792 Oros
745 3733 844 3782 Ohuroh
853 3733 913 3782 with
922 3734 965 3782 the
973 3733 1097 3796 Apostles,
1109 3734 1296 3783 wesinfactto

144 3813 160 3863 i.
170 3831 191 3863 e.
204 3829 250 3877 per
266 3814 372 3874 Horam,
388 3814 450 3862 such
463 3829 548 3862 names
561 3814 635 3877 being
649 3813 696 3862 fre·
744 3815 851 3878 identily
858 3814 965 3863 thethen
973 3819 1072 3878 present
1080 3814 1245 3863 Churchwith
1253 3815 1297 3864 the

144 3896 248 3960 quently
260 3896 359 3944 written
369 3896 395 3943 in
411 3896 454 3944 the
469 3895 556 3955 MSS„
576 3895 660 3960 partly
670 3896 697 3944 in
745 3895 847 3954 twelve;
864 3894 908 3942 the
920 3894 1072 3955 Succeseion,
1085 3896 1128 3943 the
1140 3895 1260 3960 Ministry
1271 3896 1301 3945 of

145 3977 227 4026 Greek
235 3977 370 4025 character.
402 3976 480 4041 Seep.
495 3989 549 4041 379,
564 3993 589 4025 u.
606 3992 627 4036 r,
641 3977 695 4040 q.d.
745 3975 1295 4039 theWordandSaeraments‚audtheCreeds,

144 4061 217 4108 ἄλλοι
236 4062 263 4108 δὲ
284 4061 314 4108 δι’
333 4061 406 4122 Ὀρου
421 4060 516 4121 μακρὰν
532 4060 699 4121 ἀφωρισμένην
746 4057 1298 4125 bavingeontiuueddownwithoutinterrup-

145 4142 194 4189 ἀπὸ
206 4142 249 4189 τοῦ
261 4142 314 4189 κατ’
327 4144 412 4191 αὐτοὺς
429 4143 532 4203 ΙΙατρὸς,
553 4141 596 4202 ἀφ’
613 4143 699 4200 ἑαυτῆς
746 4141 808 4189 tion.
833 4139 998 4188 consumes
1007 4139 1228 4203 rightlyobservea,
1241 4142 1298 4192 that

144 4226 348 4287 βεβλαστηκυΐαν,
368 4225 408 4272 nal
425 4225 451 4283 ἐξ
467 4224 553 4283 ἑαυτῆς
566 4223 697 4285 γεγενημέ-
746 4221 852 4286 priority
866 4221 887 4268 ie
902 4219 1013 4280 claimed,
1027 4237 1055 4269 as
1073 4221 1192 4285 referring
1211 4228 1238 4271 to
1255 4223 1298 4272 the

145 4324 194 4365 νην.
229 4305 304 4354 Seer.
317 4319 359 4367 pp.
373 4301 510 4367 ²94-296·
746 4302 804 4350 date
815 4302 844 4349 ol
855 4301 898 4349 the
909 4301 1096 4350 eeteblishment
1107 4302 1136 4350 of
1150 4304 1193 4352 the
1204 4306 1298 4354 several

196 4386 267 4436 Ἣ.
280 4386 410 4448 efflantium.
441 4384 639 4447 Aunnn.foim
650 4382 699 4431 aud
748 4384 882 4442 Ohurchee,
896 4381 947 4431 and
958 4383 1001 4431 tho
1012 4383 1186 4447 appointment
1197 4386 1226 4434 ol
1234 4387 1299 4437 their

146 4477 241 4518 aotam.
747 4465 921 4528 firstbiehope,
931 4468 1013 4514 netto
1024 4464 1067 4513 the
1077 4467 1187 4516 removal
1204 4468 1233 4517 of
1242 4470 1299 4520 that

196 4550 296 4601 ’attor
312 4552 345 4610 δὲ,
365 4552 390 4600 ἐν
411 4552 461 4600 τοῖς
478 4551 523 4599 ὑπὸ
545 4550 589 4599 τοῦ
604 4544 700 4607 Harpa
748 4546 838 4612 bishop
854 4547 888 4610 by
899 4545 982 4596 death.
1016 4545 1085 4595 Thus
1097 4547 1123 4598 S.
1138 4548 1302 4615 Polycarpoi
