3000 4994
258 327 325 398 478
735 352 762 403 s
791 350 942 404 renumr

260 508 375 600 λόγος,
407 511 446 585 ὡς
475 506 685 602 αὕτιξοῦσιοι
713 510 811 594 αὐτῆς
838 507 1038 609 ὑπάρχουσα
1064 508 1202 593 δύναμις.
1272 506 1420 589 θίλιισῖι

260 620 334 691 ἐστι
363 625 432 697 νοῦς
459 619 633 718 ὀρεκτικός,
662 621 715 692 καὶ
746 620 932 706 διανοητικὴ
959 621 1073 722 ὄρεξις,
1099 621 1183 720 πρὸς
1210 618 1254 695 τὸ
1282 617 1418 701 θεὶιῐιθὲν

262 732 466 802 ἕτινεῦουσα.

325 938 387 1004 VI.
417 938 594 1005 Immensus
608 962 679 1007 cum
694 941 737 1005 sit
752 940 851 1019 Deus,
865 949 898 1006 et
914 941 1020 1006 mundi
1036 940 1151 1028 opifex,
1166 949 1265 1026 etque
1280 937 1417 1023 omnipo

259 1047 340 1120 tens,
362 1041 514 1108 immensu
535 1051 568 1108 et
589 1044 696 1108 mundi
718 1044 829 1131 opifice
848 1052 943 1129 etque
963 1043 1170 1128 omnipotenti
1190 1041 1365 1119 voluntate,
1387 1047 1419 1105 et

259 1144 372 1211 effectu
383 1164 473 1224 novo,
483 1153 627 1231 potenter
640 1153 674 1211 et
688 1146 855 1212 efficaciter
868 1146 953 1224 lecit,
969 1155 1005 1211 ut
1019 1146 1121 1211 omnis
1135 1144 1300 1232 plenitudo
1312 1164 1418 1209 eorum

260 1268 330 1333 quae
345 1255 420 1311 unte
434 1256 509 1312 sunt
523 1249 556 1312 in
570 1256 675 1313 ortum
691 1248 841 1326 venirent,
861 1271 933 1315 cum
946 1257 1041 1314 antee
1055 1270 1119 1313 non
1132 1255 1249 1325 essent,
1271 1244 1418 1332 quicquid

259 1348 380 1414 scilicet
402 1351 461 1415 sub
492 1358 654 1436 aspectum
679 1371 742 1414 non
767 1350 861 1427 cudit,
883 1360 916 1415 et
941 1349 1089 1437 quicquid
1117 1349 1217 1415 oculis
1241 1347 1417 1436 subjicitur.

260 1451 368 1538 Atque
382 1453 461 1517 adeo
475 1451 614 1518 continet
632 1452 764 1540 singule,
780 1459 812 1518 et
826 1453 867 1519 ud
881 1453 1041 1541 proprium
1061 1451 1205 1536 perducit
1227 1450 1364 1528 exitum,
1379 1450 1417 1515 ob

259 1576 353 1639 quem
368 1553 506 1620 excitata
519 1562 593 1620 sunt
607 1561 640 1619 et
653 1563 738 1629 nete.
750 1554 834 1620 nullo
847 1555 940 1621 modo
955 1556 988 1619 in
1000 1554 1084 1620 uliud
1096 1575 1192 1638 quum
1203 1553 1294 1640 prius
1306 1561 1418 1617 nature

259 1655 371 1732 lueret,
394 1662 649 1721 transmutatum.
694 1656 777 1720 Num
799 1656 959 1743 proprium
980 1657 1041 1721 hoc
1059 1662 1109 1720 eet
1129 1654 1322 1741 operationis
1346 1653 1417 1732 Dei,

259 1778 323 1822 uon
347 1758 380 1821 in
403 1756 588 1822 infinitatem
611 1779 723 1823 seusus
748 1766 873 1823 tentum
895 1758 1050 1846 progredi,
1076 1766 1132 1822 eut
1155 1766 1299 1822 mentem
1322 1757 1417 1822 etism

258 1857 443 1945 transgredi,
469 1860 622 1924 rationem
652 1868 685 1925 et
710 1861 891 1938 orationem,
914 1869 1039 1946 tempus
1062 1868 1096 1925 et
1119 1860 1225 1926 locum
1258 1869 1310 1933 et.
1327 1880 1419 1925 omne

258 1984 378 2037 aevum;
409 1964 633 2028 verumetiam
655 1965 805 2030 excedere
825 1964 1034 2030 substantiam
1057 1972 1090 2030 et
1111 1963 1343 2048 plenitudinem
1365 1984 1418 2028 seu

259 2063 491 2150 perlectionem.

797 2269 880 2337 vll.

337 2425 412 2499 ΙΤὸ
437 2425 472 2499 δὲ
502 2428 535 2498 ἐν
562 2431 695 2527 κυριακῇ
714 2428 758 2511 μὴ
785 2428 905 2499 κλίνειν
931 2429 1022 2521 γόνυ,
1048 2427 1229 2515 σύμβολόν
1256 2428 1336 2500 ἐστι
1362 2436 1418 2511 τῆς

259 2537 482 2623 ἆναστᾶσεωι,
503 2537 545 2611 δι’
561 2541 595 2622 ile
613 2543 657 2633 τῇ
673 2545 736 2613 τοῦ
750 2539 911 2638 Χριστοῦ
926 2538 1054 2639 χάριτι,
1072 2544 1139 2612 τῶν
1153 2571 1195 2613 τι
1214 2538 1418 2638 ἁμαρτημά-

257 2683 332 2737 των,
363 2653 417 2724 rui
447 2658 509 2724 τοῦ
537 2653 586 2721 ἐτ’
611 2653 715 2724 αὐτῶν
742 2653 1033 2735 ’τεθανατωμένου
1061 2649 1209 2724 θανάτου
1237 2656 1418 2752 ἤλευθερῶ-

257 2769 366 2847 θημεν.
421 2764 486 2835 Ἐκ
512 2769 578 2835 τῶν
604 2765 840 2837 ἆτοστολικῶν
862 2761 896 2834 di
914 2766 1042 2863 χρόνον
1062 2768 1080 2846 ἦ
1099 2766 1241 2848 τοιαύτη
1263 2764 1418 2848 συνήθεια

256 2987 328 3072 ejus
342 2985 438 3051 libere
453 2993 610 3071 potestate
631 2986 774 3073 praedita.
819 2985 978 3052 Voluntas
997 2996 1048 3053 est
1061 3010 1152 3054 mens
1164 2990 1341 3077 appetendi
1355 2990 1418 3055 vim

254 3088 390 3251 pesppppg
413 3095 446 3152 et
475 3089 634 3173 appetitus
659 3087 812 3153 rationem
840 3110 985 3174 sequens,
1011 3091 1102 3156 inid
1134 3093 1219 3180 quod
1257 3093 1419 3181 expetitur

334 3303 416 3368 Vll.
462 3303 535 3370 Non
549 3305 675 3370 flectere
689 3313 796 3371 eutem
809 3329 893 3395 genu
915 3309 1084 3376 Dominico
1099 3312 1160 3391 die,
1175 3315 1418 3381 resurrectionis

252 3413 302 3473 est
315 3405 513 3493 significatio,
529 3428 591 3490 qus
605 3428 661 3493 per
680 3407 798 3474 Christi
820 3411 954 3497 gretiam
968 3421 1001 3478 et
1015 3434 1036 3477 ιι
1049 3414 1199 3500 peccetis,
1218 3424 1253 3482 et
1267 3439 1289 3482 e
1303 3427 1417 3496 morte,

91 3545 157 3584 100,
165 3555 199 3586 ῃ,
220 3547 239 3586 g
252 3530 322 3595 quae
338 3508 371 3573 in
386 3507 437 3573 illo
452 3507 617 3575 interfecte
631 3516 690 3587 est,
705 3509 827 3575 liberati
842 3533 961 3579 sumus
999 3515 1081 3581 Haec
1094 3526 1205 3582 eutem
1218 3521 1418 3587 consuetudo

86 3608 206 3648 ’ΜΗ
249 3614 291 3679 ab
318 3610 546 3696 Apostolorum
567 3610 760 3695 temporibus
788 3613 895 3698 coepit,
922 3617 1184 3698 quemadmodum
1219 3621 1269 3686 eit
1305 3623 1418 3688 beetur

299 3790 350 3841 VI,
385 3791 493 3841 Neither
511 3791 563 3840 thie
580 3807 628 3839 nor
644 3791 688 3840 the
705 3792 804 3855 preced·
853 3792 930 3842 Jusn.
950 3794 989 3843 M.
1023 3795 1083 3845 'lhis
1097 3798 1204 3847 citutiou
1222 3801 1270 3850 hes
1285 3803 1322 3852 its
1334 3802 1415 3860 velue,

249 3874 293 3936 ing
307 3873 433 3936 fragment
454 3888 518 3922 were
533 3872 677 3921 considered
693 3875 720 3920 to
740 3872 804 3922 beve
853 3874 950 3937 though
969 3876 990 3924 it
1008 3892 1066 3940 may
1082 3884 1128 3927 not
1148 3895 1268 3942 preserve
1285 3884 1334 3932 the
1350 3884 1418 3946 ipris·

248 3973 299 4020 sny
316 3973 376 4019 very
393 3957 568 4020 greetvreight
585 3956 614 4005 os
628 3955 757 4018 authority
769 3954 803 4019 by
852 3954 997 4004 emovere
1012 3955 1042 4004 oi
1052 3956 1189 4009 Iustus.
1221 3950 1417 4027 Remmium

249 4039 359 4096 Guium
390 4038 451 4102 they
475 4054 539 4086 vrere
564 4038 620 4086 first
647 4035 747 4099 printed
768 4035 803 4099 by
854 4035 1060 4100 Bcrterduudcp,
1076 4040 1130 4087 κατ’
1142 4041 1242 4103 ἐξοχήν,

249 4118 421 4179 Funerum,
441 4119 498 4168 vhe
515 4117 634 4168 obtuined
652 4118 720 4167 them
738 4117 803 4165 from
900 4114 913 4147 ⁸
938 4117 991 4167 'ihc
1017 4119 1093 4169 MSS.
1118 4121 1188 4171 show
1215 4125 1263 4174 the
1290 4127 1418 4193 mergiml

249 4198 344 4258 Fnber;
372 4213 405 4246 no
427 4199 558 4258 reference,
582 4199 703 4256 however,
728 4198 803 4261 being
850 4196 954 4261 reudiug
968 4202 1137 4260 τηρουμένου.
1177 4203 1278 4255 Gml
1296 4223 1417 4273 proposes

247 4276 473 4340 giveneeregerds
481 4279 524 4326 the
535 4293 621 4326 source
629 4277 693 4325 from
703 4277 802 4326 whence
851 4279 1061 4338 otroiforctrdr.
1097 4280 1186 4333 Mese.
1200 4285 1332 4337 δτάυτοῦ
1342 4289 1416 4338 nter·

247 4358 298 4406 this
321 4358 397 4406 Latin
419 4359 517 4406 version
536 4374 588 4406 was
605 4358 712 4406 derived.
755 4356 800 4405 See
850 4358 907 4420 ring
923 4364 951 4407 to
967 4359 1065 4419 curiam
1085 4361 1129 4410 the
1145 4363 1299 4417 'lh-nnslstor
1313 4370 1376 4419 md
1391 4373 1416 4420 er

249 4437 449 4487 Introdclxvili.
850 4440 923 4498 atrei.
951 4438 995 4490 l'.l.
1019 4439 1058 4488 ὑπ’
1076 4444 1158 4503 αὑτοῦ,
1185 4447 1238 4495 sud
1262 4464 1384 4515 compen
1400 4467 1416 4500 ι

297 4517 361 4565 vn.
396 4516 471 4574 1ριν.
487 4518 590 4580 άΙέκορ.
609 4518 644 4566 cd
659 4517 725 4568 ont.
744 4533 796 4579 ¹¹⁵»
848 4520 942 4567 similer
952 4525 1087 4570 statement
1098 4523 1123 4570 in
1137 4523 1195 4588 Syr.
1210 4527 1256 4579 Fr.
1270 4533 1343 4583 xxiv.
