3000 4994
228 331 292 401 176
547 343 729 397 ranarum
753 342 1045 397 runnrsmonuu

90 521 143 561 us
156 521 193 561 ιι.
229 498 424 576 vestimenta,
447 505 480 561 et
506 498 617 561 ¹ramis
639 496 788 562 viridibus
809 497 1035 561 adornaverunt
1055 493 1145 570 viam,
1170 513 1242 557 cnm
1268 510 1384 579 magna

67 569 156 700 <iffi
161 614 218 700 ppr-
198 600 341 664 alaetitia
361 607 393 664 et
415 599 606 664 exultatione
628 599 816 664 clamantes:
843 599 966 663 Osconc
979 597 1034 680 fit·
1022 619 1050 660 so
1009 595 1182 672 chcid,
1202 594 1384 658 Benedictus

113 707 168 746 *ιι
231 703 285 790 qui
313 704 394 767 cessit
422 704 456 767 ia
484 702 603 767 rwrrsiac
631 704 770 781 Domini,
801 701 965 767 Oscaac
952 723 986 764 sn
1015 699 1143 763 mecine.
1200 697 1313 761 Zelant
1314 697 1385 762 ibus

68 817 218 858 aarum
231 814 337 870 autern
363 804 453 870 malis
474 805 766 892 2ιιὶοροιιοοιοιὶιιιιο,
790 828 843 892 qm
834 800 1172 870 'circumveniebant
1163 800 1332 878 inferiores,
1351 807 1385 864 et

66 924 198 966 saeue.
232 908 470 973 dominabantur
502 930 608 973 eorum
637 909 750 994 quibus
778 908 859 973 ratio
891 930 954 972 non
987 906 1159 982 constabat,
1198 912 1231 969 et
1258 911 1385 988 propter

68 1013 292 1078 mnesitheo
321 1013 497 1078 nolentibus
520 1012 640 1078 venisse
661 1034 776 1099 regem,
799 1021 833 1077 et
853 1011 1029 1076 dicentibus
1050 1009 1089 1087 ei,
1112 1007 1216 1072 Aedis
1238 1006 1316 1092 quid
1334 1006 1386 1069 isti

70 1134 183 1176 neura
231 1116 362 1181 dicunt?
394 1116 439 1181 ait
462 1115 653 1181 ⁸Dominus:
686 1116 857 1202 Nsorqocm
881 1114 1000 1200 lecistis,
1023 1113 1076 1176 Ec
1096 1134 1147 1175 erc
1168 1111 1337 1194 infantiam
1357 1118 1386 1173 ct

231 1218 405 1288 bmnium
417 1220 578 1336 perstitisti
592 1217 738 1283 ῐοοιιιιιιι
761 1219 792 1283 id
804 1217 886 1302 quod
901 1239 921 1282 a
936 1215 1062 1281 David'
1054 1237 1086 1279 m
1109 1214 1225 1278 Filium
1240 1213 1301 1277 Dei
1321 1213 1385 1278 dic·

230 1330 299 1388 tum
323 1330 462 1400 erat,1n
429 1343 519 1386 unse
548 1311 666 1387 factum
693 1321 869 1399 ostendens,
893 1328 926 1385 et
954 1319 1142 1406 significans,
1168 1315 1236 1381 illos
1261 1314 1387 1402 quidem

231 1426 351 1491 nescire
365 1425 511 1490 virtutem
534 1424 712 1510 Scriptura,
732 1432 764 1488 et
783 1421 1017 1508 dispositionem
1037 1420 1116 1496 Dei3
1140 1442 1175 1485 se
1193 1428 1298 1484 autem
1317 1440 1387 1484 asae

231 1527 283 1613 qui
308 1550 329 1593 a
349 1527 509 1614 prophetis
534 1526 738 1592 annuntiatus
759 1526 802 1590 sit
824 1525 975 1604 Christus,
998 1526 1088 1611 cujus
1110 1544 1224 1588 nomen
1245 1523 1278 1586 in
1301 1523 1387 1587 omni

232 1639 316 1695 terra
329 1629 484 1708 laudatur,
500 1651 540 1694 ex
556 1651 608 1693 ore
623 1628 788 1694 infantium
803 1637 836 1693 et
850 1627 1031 1693 lactentium
1046 1626 1168 1691 laudem
1182 1625 1387 1712 ⁴perficientis

231 1753 289 1796 suo
311 1731 420 1796 Patri:
451 1737 638 1817 quapropter
666 1738 700 1796 et
722 1731 841 1796 elevata
866 1738 915 1795 est
940 1728 1171 1817 magnificentia
1199 1728 1267 1813 ejus
1294 1750 1388 1814 super

232 1834 337 1900 coelos.

298 1942 329 2002 4.
375 1939 409 2002 Si
431 1960 505 2026 ergo
527 1938 608 2004 idem
629 1940 696 2025 ipse
716 1941 815 2018 adest,
832 1941 885 2026 qui
907 1941 1092 2025 praedicatus
1112 1947 1160 2004 est
1178 1961 1198 2003 a
1217 1937 1387 2025 prophetis,

234 2042 389 2107 Dominus
404 2048 528 2108 ὅιιοοιοι
542 2043 566 2106 J
568 2065 640 2109 esus
660 2043 813 2122 Christus,
831 2053 864 2108 et
882 2045 1034 2109 adventus
1051 2044 1120 2128 ejus
1134 2043 1302 2129 pleniorem
1315 2064 1387 2129 gra-

232 2144 311 2210 tiam
324 2153 357 2210 et
372 2148 522 2233 majorem
535 2146 781 2212 munerationem
799 2147 943 2213 attribuit
956 2148 1006 2212 his
1021 2147 1073 2233 qui
1086 2152 1288 2232 susceperunt
1303 2167 1387 2224 eum,

232 2246 441 2326 manifestum,
463 2247 609 2332 quoniam
623 2254 656 2312 et
676 2247 773 2313 Pater
792 2248 875 2312 idem
889 2249 956 2335 ipse
974 2257 1032 2326 est,
1054 2248 1141 2333 quia
1159 2246 1318 2333 prophetis
1332 2268 1388 2310 an-

232 2351 394 2415 nuntiatus
422 2360 480 2429 est,
511 2360 543 2416 et
569 2372 632 2415 non
657 2352 784 2416 alterius
813 2352 920 2417 Patris
947 2352 1138 2439 agnitionem
1162 2351 1236 2416 fecit
1261 2350 1388 2415 veniens

235 2453 344 2533 Filius,
364 2455 419 2519 sed
433 2455 573 2541 ejusdem
586 2456 638 2542 qui
653 2458 693 2522 ab
708 2455 796 2520 initio
812 2457 998 2541 praedicatus
1016 2464 1079 2531 est;
1102 2477 1198 2541 aquo
1213 2462 1246 2518 et
1263 2453 1389 2521 liberta-

233 2566 299 2621 tem
313 2557 425 2623 detulit
439 2559 488 2623 his
503 2559 555 2645 qui
570 2559 717 2646 legitime,
739 2568 772 2623 et
786 2581 883 2644 prono
898 2559 1012 2637 animo,
1034 2571 1066 2624 et
1086 2566 1153 2623 toto
1174 2559 1266 2623 corde
1285 2558 1389 2622 deser·

233 2659 321 2725 viunt
336 2662 383 2726 ei:
416 2662 660 2727 contemtoribus
674 2669 791 2739 autem,
806 2670 840 2726 et
854 2684 918 2726 non
931 2662 1080 2748 subjectis
1094 2661 1175 2739 Deo,
1191 2661 1246 2725 sed
1261 2661 1294 2724 in
1309 2659 1390 2744 ⁶glo·

232 2763 312 2827 riam
328 2764 489 2828 bominum
505 2765 675 2830 exteriores
690 2763 859 2830 munditias
877 2765 1079 2842 sectantibus,
1094 2765 1188 2850 (⁷quae
1207 2764 1239 2828 in
1256 2765 1389 2850 figuram

138 2918 144 2930 .
177 2919 183 2932 .
232 2866 406 2933 futurorum
431 2867 553 2932 traditae
575 2874 673 2945 erant,
696 2867 780 2932 velut
808 2868 944 2931 ⁸umbrae
967 2868 1129 2953 cujusdam
1150 2867 1388 2953 descriptionem

119 2968 124 2979 '
175 2965 182 2978 '
233 2970 367 3034 faciente
376 2970 473 3056 Lege,
486 2976 580 3053 atque
595 2968 761 3033 deliniante
776 2969 815 3035 de
829 2970 1051 3056 temporalibus
1061 2979 1188 3049 aeterna,
1204 2971 1243 3034 de
1257 2971 1389 3034 terrenis

233 3071 402 3153 coelestia),
425 3071 616 3157 fingentibus
639 3070 803 3157 plusquam
825 3095 895 3158 quse
921 3073 1006 3139 dicta
1028 3082 1101 3138 sunt
1122 3096 1191 3140 sese
1215 3075 1387 3149 observare,

234 3180 385 3258 tanquam
406 3172 599 3259 diligentiam
622 3195 712 3240 suam
734 3173 830 3242 etiam
852 3174 912 3262 ipsi
936 3176 1006 3242 Deo
1031 3177 1277 3262 praeferentibus,
1302 3178 1388 3242 intus

238 3465 348 3516 Messiah
363 3468 407 3516 the
424 3466 496 3532 King
521 3468 548 3517 in
572 3469 611 3518 his
630 3469 786 3520 humiliation
884 3468 1064 3532 ἰἰλωοοὶντων
1074 3475 1100 3523 δὲ
1112 3476 1159 3522 τῶν
1167 3475 1385 3534 κακῶνοικονόμων.

234 3549 285 3597 and
301 3564 394 3597 sorrow
410 3549 439 3597 of
452 3549 519 3610 soul;
543 3550 567 3599 ἐν
583 3551 727 3601 ταπεινώσει
744 3554 788 3612 τῆς
884 3552 1012 3604 8(ιιιιιιιι.
1025 3554 1102 3605 Jecur.

238 3630 326 3693 ψυχῆς,
350 3631 468 3694 meaning
490 3630 569 3680 either
584 3630 740 3681 homiliatico
759 3649 788 3682 or
882 3633 987 3685 ⁴Mss.
1008 3636 1149 3698 perficienti,
1174 3639 1217 3687 the
1235 3640 1293 3688 final
1314 3641 1388 3693 letter

235 3710 367 3773 afflictiom
396 3726 425 3759 so
449 3710 501 3759 also
524 3712 567 3759 tho
592 3711 647 3775 Syr.
676 3697 787 3756 *⁵230
834 3718 909 3782 being
924 3719 973 3767 lost
989 3719 1015 3766 in
1032 3734 1075 3766 ιιιο
1090 3719 1223 3785 following.

234 3793 314 3843 Mitt.
327 3792 378 3843 xxi.
392 3805 415 3854 5,
429 3808 515 3841 means
531 3793 611 3842 either
621 3793 684 3842 merle
700 3811 728 3842 or
737 3809 786 3842 eer-
884 3799 895 3832 ⁸
911 3801 963 3849 The
972 3800 1071 3850 Casan.
1082 3803 1140 3852 MS.
1153 3803 1214 3852 adds
1221 3804 1295 3866 Deus,
1306 3807 1387 3856 which

233 3875 330 3937 rcwsul.
836 3881 899 3931 Con.
916 3882 992 3942 Vsa,
1013 3886 1074 3943 Aa,
1095 3883 1176 3935 Voss.
1196 3885 1331 3935 substitute
1348 3889 1387 3937 for

283 3957 388 4020 ²Upon
406 3957 456 4005 this
474 3972 551 4020 usage
568 3958 597 4005 of
613 3957 657 4005 the
674 3956 742 4006 Jews
760 3962 788 4005 at
834 3962 963 4013 Dominus.
1003 3965 1056 4013 'I'he
1083 3971 1134 4014 rost
1157 3967 1221 4015 bave
1249 3969 1291 4016 the
1318 3986 1387 4019 moro

233 4040 299 4089 their
309 4040 429 4104 principa]
443 4041 528 4099 feasts,
545 4041 595 4089 and
606 4041 670 4089 their
679 4041 787 4104 particu-
834 4045 951 4109 probablc
967 4046 1069 4111 reading
1085 4048 1114 4096 of
1127 4049 1170 4096 the
1186 4054 1248 4100 text.

233 4122 271 4170 lar
281 4121 445 4171 acclamations
456 4137 488 4169 on
499 4121 543 4170 the
553 4124 654 4185 present
664 4121 785 4181 occasion,
883 4123 895 4156 ⁰
912 4124 1012 4175 Omen.
1028 4128 1068 4176 ἐπὶ
1084 4129 1188 4187 τὴντῶν
1204 4130 1333 4192 ἀνθρώπων
1350 4133 1387 4180 δι-

234 4204 277 4252 the
287 4204 409 4252 readeris
425 4205 533 4254 referred
543 4210 570 4254 to
585 4205 629 4253 the
640 4203 788 4253 Rabbinical
835 4208 885 4268 ξαν,
897 4205 926 4254 ia
940 4207 1078 4270 opinionon
1088 4209 1219 4260 minora.
1255 4212 1385 4274 alcimio.

232 4284 284 4334 and
295 4286 366 4334 other
375 4287 602 4335 oefereneesinthe
610 4285 709 4335 editor’s
717 4286 787 4335 work
883 4287 955 4337 ⁷011.
968 4288 1039 4351 estod.

232 4382 301 4430 upon
319 4368 363 4415 the
383 4367 457 4416 fleres
475 4368 568 4428 θιαιιι,
589 4384 632 4433 pp.
648 4379 785 4430 254-257.
883 4368 996 4420 8οιιιινοι
1006 4372 1232 4439 cujrcsdcm,‹icaerp
1243 4377 1388 4428 σκιᾶιτιιοι

231 4448 295 4497 ano
312 4451 340 4496 to
354 4464 371 4498 a
381 4448 518 4500 Visitation
536 4449 641 4500 Sennea
656 4466 724 4515 upon
740 4449 784 4499 Ps.
834 4451 1011 4502 brmvrcirror
1027 4453 1071 4503 roi
1081 4454 1159 4516 νόμον,
1172 4456 1219 4506 but
1229 4457 1288 4506 read
1299 4459 1333 4522 by
1344 4459 1387 4507 the

232 4527 316 4579 cxviii.
330 4526 368 4580 26.
389 4531 459 4592 1853.
832 4533 1005 4582 translatores
1016 4536 1084 4585 σιιᾶι
1094 4552 1163 4588 τινος.
