3000 4994
454 341 594 395 vnasro
622 339 915 395 maxsumum.
1197 326 1263 394 113

108 530 199 572 σατο
220 496 312 600 ταρᾶ
339 504 403 572 τῶν
428 500 706 600 Ἱεροσολυμιτῶν
728 503 771 577 είς
795 500 856 584 τὴν
870 498 1071 582 Ἑλληνικὴν
1087 496 1261 572 διάλεκτον
1300 518 1406 604 {2273st

10 637 33 678 ο.
42 638 85 680 ac.
107 624 203 709 σχεῖν
225 615 329 687 αὐτῶν
351 614 668 700 ιμετοβεβλημένας
690 611 752 690 τὰς
771 609 918 713 γραφείς.
967 611 1017 684 Οἱ
1037 610 1082 697 dd,
1102 614 1261 696 ὑπήκουον
1272 611 1425 699 Ἥέἐζῗῆἶ·

106 724 175 825 γὰρ
205 727 255 799 ἔτι
290 737 362 804 τοῖς
392 724 568 797 Μακεδόσι
608 728 700 812 τότε,
734 725 812 803 τοὺς
843 727 925 826 παρ’
956 725 1067 802 αὐτοῖς
1105 726 1259 826 ε’μτειρο-
1275 704 1421 787 -¹-¹¹-'⁹--

104 836 227 916 τᾶτους
255 845 322 912 τῶν
348 845 491 939 ’γραφῶν
516 838 570 910 καί
610 840 812 939 ἀμφοτέρων
845 844 912 911 τῶν
938 835 1116 911 διαλέκτων
1140 838 1259 927 ’ἐβίω

103 951 251 1036 μήκοντα
274 953 523 1052 πρεσβυτέρους
547 953 708 1048 ἔπεμψαν
728 952 944 1043 Πτολεμαίῳ,
972 953 1174 1034 ποιήσαντος
1195 958 1260 1024 τοῦ

104 1065 192 1135 θεοῦ
217 1066 301 1165 ὅπερ
327 1067 501 1152 ἐβούλετο.
540 1067 586 1136 ‘O
605 1063 639 1136 δὲ
663 1063 729 1156 ιἰλίᾳ
757 1075 874 1162 πεῖραν
896 1067 1002 1136 αὐτῶν
1024 1066 1144 1151 λαβεῖν
1162 1065 1257 1149 θελή-

103 1208 174 1262 σας,
211 1178 403 1266 ειίλαβηθείς
435 1209 475 1250 τε
507 1180 587 1261 μήτι
621 1176 687 1276 ἄρα
724 1178 910 1259 συνθέμενοι
942 1177 1168 1275 ἀποκρύψωσι
1195 1179 1256 1260 τὴν

103 1291 135 1359 ἐν
163 1301 237 1367 ταῖς
266 1297 417 1390 γραφαῖς
446 1287 498 1361 did
528 1299 587 1373 τῆς
618 1291 783 1388 ἑρμηνείας
809 1287 975 1373 ἀλήθειαν,
1005 1290 1173 1389 3χωρίσας
1202 1292 1256 1360 αὖ·

102 1403 177 1480 τοὺς
207 1403 266 1475 ἆτ’
297 1402 464 1488 ἀλλήλων,
498 1404 647 1474 ε’κελενσε
674 1402 751 1479 τοὺς
780 1400 909 1478 πάντας
938 1403 999 1485 τὴν
1032 1402 1131 1485 αὐτὴν
1157 1405 1254 1502 ἑρμη-

101 1516 185 1586 νείαν
214 1512 370 1616 γράφειν·
398 1516 451 1586 καί
477 1518 573 1589 τοῦτ’
597 1516 651 1584 ἐπί
678 1512 811 1586 πάντων
838 1520 905 1587 τῶν
931 1514 1079 1602 βιβλίων
1107 1515 1252 1598 ἐποίησε.

101 1627 333 1701 Συνελθόντων
360 1628 395 1700 dd
426 1630 531 1700 αὐτῶν
561 1628 616 1698 ε’τί
645 1626 688 1700 τὸ
716 1628 797 1699 αὗτδ
828 1624 920 1726 παρὰ
950 1635 1004 1717 τῷ
1034 1628 1251 1718 Πτολεμαίῳ,

98 1741 153 1811 καί
179 1743 492 1830 συναντιβαλόντων
523 1738 667 1812 ἑκάστου
697 1740 757 1823 τὴν
791 1743 910 1813 ἑαυτοῦ
940 1740 1114 1839 ἑρμηνείαν,
1145 1742 1163 1812 ὁ
1192 1739 1252 1826 μὲν

97 1914 286 2000 rosolymitis
301 1913 334 1979 in
349 1915 496 1980 Graecum
512 1934 688 1980 sermonem
708 1913 928 1999 interpretatae
942 1912 1056 1978 habere
1076 1913 1252 1999 Scripturas

98 2038 215 2083 eorum.
271 2017 321 2081 llli
347 2038 429 2095 vero,
456 2017 644 2082 obediebant
669 2015 753 2081 enim
782 2023 858 2080 tunc
884 2015 987 2080 adhue
1013 2015 1252 2096 Macedonibus,

98 2141 245 2206 eosquos
256 2121 413 2186 habebant
428 2118 628 2206 perfectiores
642 2118 872 2204 Scripturarum
888 2117 1105 2196 intellectores,
1125 2126 1158 2184 et
1175 2119 1253 2183 utri·

98 2245 195 2308 usque
210 2224 349 2309 loquelae,
364 2223 565 2309 septuaginta
578 2221 716 2287 seniores
731 2221 881 2286 miserunt
900 2221 1072 2287 Ptolemaeo
1092 2222 1252 2289 ⁴facturos

98 2324 157 2391 hoc
172 2326 254 2412 quod
270 2326 336 2413 ipse
352 2326 509 2392 voluisset.
555 2325 613 2391 llle
626 2333 733 2390 autem
747 2324 992 2410 experimentum
1006 2346 1114 2390 eorum
1128 2348 1251 2393 sumere

98 2428 212 2508 volens,
236 2438 269 2494 et
295 2437 438 2493 metuens
462 2449 501 2494 ne
526 2429 608 2493 forte
633 2429 873 2505 consentientes,
900 2450 969 2492 eam
995 2429 1158 2494 veritatem
1180 2452 1250 2517 quae

98 2539 181 2596 esset
200 2531 232 2596 in
253 2531 432 2618 Scripturis,
456 2531 682 2597 absconderent
705 2553 761 2616 per
784 2531 1081 2617 interpretationem,
1103 2554 1250 2618 separans

97 2657 152 2700 eos
165 2636 207 2700 ab
220 2636 361 2715 invicem,
382 2634 478 2720 jussit
492 2657 601 2700 omnes
622 2635 753 2699 eandem
771 2634 967 2719 interpretari
983 2635 1194 2721 Scripturanr:
1217 2646 1250 2702 et

96 2739 156 2806 hoc
171 2741 202 2804 in
217 2740 361 2805 omnibus
375 2739 461 2803 libris
474 2738 558 2804 iecit.
606 2736 869 2803 Convenientibus
888 2747 994 2802 autem
1015 2738 1091 2824 ipsis
1105 2738 1139 2803 in
1153 2761 1251 2804 unum

95 2843 180 2929 apud
202 2843 419 2921 Ptolemaeum,
442 2851 474 2907 et
494 2839 745 2928 comparantibus
765 2861 839 2904 suas
857 2839 1136 2925 interpretationes,
1161 2842 1251 2908 Deus

144 3006 293 3072 ¹Oompare
305 3008 491 3057 Gasas'snote
507 3007 645 3070 discussing
697 3005 796 3055 dosunt
811 3005 849 3054 M.
862 3005 1161 3056 followshisstatement.
1191 3009 1250 3059 Τοὺς

95 3089 138 3137 the
151 3090 222 3153 point
234 3089 343 3138 whether
357 3089 400 3137 thc
414 3090 492 3137 entire
508 3088 647 3151 Scripturas
698 3089 863 3150 ἐβδομήκοντα
883 3088 968 3149 ἄνδρας
990 3090 1024 3148 μὴ
1045 3089 1115 3148 μόνον
1134 3091 1167 3151 τῇ
1188 3090 1252 3152 αὐτῇ

95 3171 124 3218 of
143 3171 186 3219 the
206 3169 254 3219 Old
276 3171 428 3228 Testameut,
446 3186 475 3217 or
496 3169 587 3232 merely
604 3168 647 3216 the
698 3171 796 3230 διανοίᾳ,
817 3171 940 3218 ἀλλὰκαὶ
959 3172 1043 3220 αὐτοῖς
1061 3173 1141 3231 λέξεσι
1159 3189 1250 3234 χρησα-

96 3250 217 3301 Mosaical
239 3253 316 3301 books
339 3252 367 3300 os
385 3252 428 3300 the
450 3251 520 3310 Law,
541 3266 604 3298 were
619 3265 646 3298 so
697 3252 786 3310 μένους,
806 3252 846 3299 καὶ
867 3253 928 3310 μηδὲ
951 3253 1007 3314 ἄχρι
1028 3253 1084 3310 μιᾶς
1102 3254 1188 3313 λέξεως
1207 3256 1251 3314 τῆς

95 3334 239 3392 translated,
256 3350 284 3382 as
301 3335 439 3383 Jossruus
458 3331 592 3396 imagined.
698 3333 756 3393 πρὸς
767 3333 887 3391 ἀλλήλους
898 3334 1035 3393 συμφωνίας
1048 3335 1249 3397 διημαρτηκότας,

143 3415 313 3465 ¹aarsrms
340 3418 409 3481 gives
437 3417 479 3465 the
508 3431 593 3464 names
621 3415 649 3463 ol
698 3414 763 3462 ἀλλὰ
784 3414 817 3461 τὰ
840 3415 903 3461 αὐτὰ
920 3415 975 3475 περὶ
996 3417 1045 3463 τῶν
1061 3417 1139 3464 αὐτῶν
1159 3433 1249 3480 γεγρα-

95 3502 260 3563 saventytwo
282 3499 381 3557 scribes,
405 3498 443 3545 six
469 3497 544 3560 being
569 3495 645 3545 taken
697 3496 781 3556 φὸτας.
807 3495 883 3544 Just.
903 3494 941 3544 M.
954 3495 1077 3545 Poroenca
1097 3497 1131 3545 od
1147 3498 1190 3548 Gr.
1210 3513 1248 3560 ¹3·

95 3581 160 3628 from
171 3581 315 3629 sachtribe.
343 3580 382 3629 cf.
397 3579 518 3627 Faunae.
531 3586 579 3627 ιιοι.
697 3579 779 3628 Casu.
793 3579 843 3628 Aa.
856 3580 942 3630 Seram.
957 3593 975 3630 r.
990 3594 1028 3629 aa.
1056 3581 1176 3634 cf.Hon.
1191 3583 1249 3632 Dir-

143 3659 645 3723 'Blamec'oparhprimuaauctorceptaa-
696 3660 992 3711 accusatricem.
1018 3661 1081 3711 Also
1092 3663 1135 3711 tha
1146 3664 1247 3727 parallel

92 3742 164 3805 picea
180 3743 277 3791 cellulae
292 3742 451 3791 Alesuzodctoe
466 3740 591 3789 mendacio
603 3756 646 3790 suo
697 3748 803 3792 acanum
815 3744 927 3792 ludusa.
941 3744 980 3793 M.
993 3744 1066 3806 Apol.
1080 3757 1099 3794 1.
1114 3759 1152 3806 31-

93 3824 240 3886 mtrmrit,
253 3825 339 3888 quibua
350 3824 425 3873 dictae*
435 3824 516 3872 eadem
527 3822 647 3884 impleta·
745 3823 756 3854 ⁴
772 3824 825 3872 'l'lre
836 3825 983 3874 translation
995 3825 1065 3873 reads
1073 3830 1137 3873 most
1145 3826 1195 3874 like
1206 3826 1250 3874 the

93 3914 167 3963 νυοί,-
191 3923 246 3955 cum
266 3907 384 3956 Arhtoeac
401 3905 504 3968 ejusdem
523 3904 647 3953 Ptolemaei
697 3907 809 3969 original,
817 3907 960 3965 ποιήσοντας
967 3906 1246 3970 τοῦτοὸτερ,ο1ῐλοαςλ,

95 3989 283 4050 ὑπερασπιστὴς,
297 3995 318 4036 et
328 3987 403 4035 molto
412 3986 646 4049 posttemporeJose·
696 4005 723 4037 as
740 3988 834 4038 Galsa
852 3988 946 4047 thinks,
965 3988 1008 4036 the
1023 3993 1123 4052 present
1140 3993 1202 4048 text,
1220 4006 1248 4039 aa

88 4070 157 4133 plac
176 4070 242 4118 nihil
259 4070 306 4118 lale
324 4068 455 4118 retulerint.
485 4067 643 4117 Hussouuu.
696 4069 827 4134 preserved
859 4069 892 4133 by
921 4068 1062 4127 Eossmus,
1097 4069 1248 4119 harmonicas

92 4152 169 4215 Pars.
187 4151 215 4200 ιἰι
227 4152 321 4200 Pectat.
351 4151 444 4210 Pu1n0,
465 4151 586 4210 however,
604 4149 644 4198 be·
696 4151 756 4198 with
767 4151 809 4198 the
817 4150 898 4198 words
906 4150 935 4198 of
941 4149 1022 4198 Casu.
1032 4150 1154 4208 An.,who
1162 4157 1247 4212 wrote,

92 4233 173 4282 lieved
189 4233 232 4281 the
245 4237 362 4281 account:
381 4232 501 4293 Καθάπερ
513 4233 645 4279 ἐνθουσιῶν
697 4232 757 4280 with
779 4232 829 4279 this
852 4247 956 4295 passage
974 4231 1002 4279 os
1022 4231 1148 4281 Issuaus
1165 4234 1249 4285 before

90 4333 131 4364 τες
160 4316 329 4377 τροεφίμευον,
355 4315 397 4361 οὐκ
419 4316 484 4361 ἅλλα
506 4315 584 4372 ἄλλοι,
615 4314 646 4361 τὰ
696 4314 755 4372 him,
770 4315 831 4361 θεοῦ
841 4315 889 4375 γὰρ
901 4313 931 4372 ἦν
941 4316 1061 4376 βούλημα,
1076 4315 1162 4365 Strata.
1176 4329 1194 4366 1.
1204 4332 1249 4381 233

92 4399 119 4446 δὲ
140 4398 205 4445 ai'rrd
231 4397 319 4445 πάντες
344 4396 450 4453 ὀνόματα
474 4395 514 4442 καὶ
539 4394 643 4455 ῥήματα,
696 4395 742 4443 but
754 4394 796 4442 the
806 4393 885 4442 words
897 4394 990 4458 quoted
1002 4411 1045 4443 are
1056 4397 1099 4445 tha
1111 4398 1181 4461 pious
1193 4415 1248 4448 eon·

90 4479 176 4540 ὥσπερ
194 4478 331 4540 ὑποβολέως
348 4477 456 4524 ἑκάστοις
474 4475 579 4536 ἀοράτως
596 4475 645 4531 ἐνη-
695 4475 789 4524 clusion
811 4474 840 4522 os
859 4476 901 4523 the
919 4476 1010 4537 writer,
1031 4478 1087 4528 that
1109 4480 1152 4529 the
1169 4481 1248 4530 whole

89 4562 199 4623 χοῢντος.
237 4559 323 4607 Puuao
351 4557 414 4605 δυο.
448 4556 493 4603 Vir.
525 4555 584 4602 Μαι.
614 4566 642 4602 11.
696 4556 953 4621 wandoucbyGod's
966 4558 1022 4609 will.

195 4669 267 4713 voa.
288 4669 320 4712 ιι.
1127 4652 1146 4713 8
