3000 4994
237 330 303 399 298
573 390 577 397 .
679 341 744 396 sm
767 339 957 393 euasurus

95 521 149 562 ΗΒ.
158 520 199 562 lv.

109 569 159 607 lxlv.
169 568 187 605 l.

101 613 197 697 affl.
685 597 786 663 cAP.
810 593 943 661 LXIV.

87 704 165 744 ΙΑδΒ.
174 705 214 744 lv.

71 753 216 838 Q
240 748 330 840 Qum
354 759 404 822 est
429 743 568 846 uguitio
595 743 736 820 boniet
764 742 866 833 moli,
892 754 924 817 et
952 737 1270 842 quemadmodum,
1288 738 1394 812 houm

313 890 395 938 cum
412 861 550 938 indicto
572 859 879 959 audr'eusfuisset,
897 857 1052 932 inuoluit
1074 857 1187 946 Deus,
1199 882 1275 957 per
1295 852 1394 931 dieto

245 1058 249 1065 ,
314 979 544 1056 audientium
561 975 846 1076 naelioremfiem‘
861 974 1053 1051 hominem.

241 1148 271 1211 1.
308 1146 537 1209 Auurrrouuu
554 1152 661 1208 autem
678 1142 799 1228 accepit
819 1143 912 1207 homo
932 1140 1052 1206 boniet
1072 1139 1156 1205 mali.
1200 1139 1326 1204 Bonum
1345 1145 1396 1204 eat

239 1255 344 1313 autem
359 1246 484 1312 obedire
495 1247 576 1324 Deo,
591 1254 624 1311 et
639 1246 762 1311 credere
777 1245 816 1323 ei,
832 1254 865 1309 et
881 1244 1037 1309 custodire
1051 1244 1120 1329 ejus
1135 1249 1345 1329 praeceptum3
1361 1249 1397 1307 et

240 1351 300 1416 hoe
320 1357 370 1415 est
385 1350 450 1414 vita
469 1347 623 1414 hominis:
649 1347 911 1435 quemadmodum
929 1368 992 1411 non
1013 1346 1138 1410 obedire
1156 1346 1236 1424 Deo,
1254 1344 1394 1421 malum3

240 1460 274 1516 et
299 1451 359 1516 hoc
382 1458 431 1516 est
450 1473 534 1516 mors
557 1451 635 1535 ejus.
686 1448 981 1536 Magnaninritateru
1005 1448 1101 1535 igitur
1121 1455 1293 1532 praestante
1311 1447 1394 1525 Deo,

241 1555 386 1642 cognovit
400 1554 493 1619 homo
515 1561 548 1619 et
569 1554 686 1618 bonum
706 1551 890 1618 obedientia
910 1560 943 1616 et
964 1552 1080 1614 malum
1100 1550 1329 1628 inobedientiae,
1348 1549 1395 1615 uti

240 1661 348 1724 oculus
371 1659 488 1723 mentis
513 1666 714 1743 utrorumque
742 1655 897 1742 accipiens
925 1655 1180 1741 experimentum,
1210 1654 1396 1719 electionem

239 1762 400 1827 meliorum
417 1783 488 1825 cum
498 1760 616 1845 judicio
632 1760 745 1834 faciat3
769 1767 801 1823 et
815 1781 974 1843 nunquam
988 1759 1103 1846 segnis,
1119 1781 1220 1846 neque
1233 1749 1397 1846 negligens

97 1900 101 1909 ·
215 1940 217 1945 ,
240 1865 386 1951 praecepti
402 1865 458 1929 fiat
474 1864 545 1939 Dei,
561 1872 593 1927 et
607 1862 640 1925 id
660 1863 743 1948 quud
756 1862 858 1927 aufert
877 1863 918 1926 ab
934 1884 972 1926 eo
986 1863 1092 1940 vitam,
1108 1863 1203 1927 idest
1222 1866 1302 1927 ¹non
1321 1864 1397 1928 obe·

240 1967 306 2031 dire
323 1967 403 2042 Deo,
422 1967 635 2051 experimento
649 1965 774 2029 discens
791 1965 936 2050 quoniam
957 1965 1074 2029 malum
1093 1975 1152 2044 est,
1173 1987 1274 2053 neque
1293 1972 1397 2030 tentet

241 2070 364 2155 quidem
379 2069 455 2133 illud
474 2091 631 2155 unquam;
656 2069 739 2153 quod
753 2077 858 2134 autern
878 2069 1140 2133 conservatorium
1154 2069 1228 2133 vitae
1246 2071 1314 2156 ejus
1334 2076 1394 2147 est,
1412 2097 1465 2136 aa

240 2175 365 2239 obedire
390 2175 469 2251 Deo,
492 2173 594 2238 sciens
615 2174 761 2259 quoniam
784 2174 900 2238 bonurn
922 2182 980 2250 est,
1003 2177 1093 2237 2curn
1116 2172 1200 2236 omni
1223 2172 1396 2238 intentione

241 2278 405 2366 diligenter
422 2278 589 2342 custodiat.
628 2277 761 2363 Propter
784 2277 844 2343 hoe
867 2277 961 2342 ctiam
983 2276 1122 2362 duplices
1143 2277 1252 2341 habuit
1273 2298 1394 2355 sensus,

240 2389 441 2465 utrorumque
465 2380 658 2467 agnitionem
682 2380 841 2458 habentes,
870 2391 906 2444 ut
928 2380 1110 2445 electionem
1136 2379 1298 2444 meliorum
1323 2401 1396 2445 cum

242 2482 403 2568 disciplina
420 2483 525 2549 faciat.
556 2482 762 2568 Disciplinam
781 2491 888 2547 autem
909 2482 982 2548 boni
1000 2483 1260 2569 quemadmodum
1281 2481 1396 2548 habere

241 2586 404 2670 potuisset,
425 2586 572 2673 ignoraus
591 2587 674 2673 quod
694 2591 761 2651 ³est
779 2587 990 2652 contrarium?
1035 2586 1171 2651 Firmior
1190 2593 1239 2652 est
1260 2587 1343 2652 enirn
1363 2594 1397 2652 et

242 2689 419 2754 indubitata
440 2690 666 2777 subjacentium
690 2689 904 2776 apprehensio,
930 2712 1024 2777 qnam
1047 2713 1085 2755 ea
1108 2713 1179 2776 quae
1195 2700 1244 2757 est
1269 2715 1310 2758 ex
1327 2714 1397 2757 sus-

241 2791 363 2876 picione
394 2792 580 2877 conjectura.
631 2792 898 2872 Quemadmodum
930 2794 1014 2856 enim
1046 2792 1152 2879 lingua
1182 2815 1239 2879 per
1268 2802 1397 2881 gustum

242 2893 355 2978 accipit
369 2894 616 2979 experimentum
631 2893 729 2958 dulcis
743 2903 775 2958 et
789 2894 898 2971 amari,
919 2902 951 2959 et
966 2895 1073 2959 oculus
1095 2917 1150 2979 per
1163 2896 1314 2960 visionem
1334 2896 1396 2961 dis·

243 2997 341 3060 cernit
352 2996 437 3082 quod
452 3005 500 3061 est
519 2996 642 3082 nigrum
663 2997 703 3061 ab
722 2997 804 3071 albo,
824 3007 857 3061 et
874 2999 958 3063 auris
976 3021 1032 3083 per
1046 2999 1186 3063 auditum
1206 3000 1398 3064 differentias

242 3119 389 3162 sonorum
403 3098 483 3172 scit;
505 3097 550 3161 sic
565 3105 597 3161 et
612 3119 700 3162 mens
715 3121 769 3183 per
782 3106 982 3185 utrorumque
999 3101 1245 3186 experimentum
1260 3101 1397 3186 discipli-

243 3222 317 3264 nam
331 3200 404 3264 boni
419 3201 583 3286 accipiens,
604 3202 721 3266 firmior
740 3203 781 3267 ad
802 3205 1066 3291 conservationem
1084 3206 1152 3289 ejus
1166 3206 1307 3282 efficitur,
1323 3207 1399 3270 obe-

244 3306 333 3383 diens
348 3304 437 3370 Deo:
461 3304 702 3370 inobedientiam
714 3307 839 3392 quidem
860 3308 992 3393 primum
1012 3330 1160 3394 respuens
1174 3330 1230 3394 per
1243 3310 1398 3393 poeniten-
1414 3327 1465 3367 m

243 3407 331 3480 tiam,
353 3407 499 3491 qnoniam
513 3430 654 3472 amarum
672 3418 705 3472 et
720 3409 835 3473 malum
850 3418 918 3484 est;
943 3411 1054 3475 deinde
1069 3433 1109 3475 ex
1124 3411 1398 3495 comprehensione

244 3509 377 3586 discens,
393 3509 484 3593 quale
498 3508 540 3573 sit
554 3510 637 3594 quod
652 3512 840 3575 contrarium
856 3521 907 3575 est
919 3513 1000 3577 bono
1015 3522 1047 3576 et
1062 3513 1225 3591 dulcedini,
1243 3535 1282 3577 ne
1296 3521 1398 3579 tentet

243 3610 368 3696 quidem
383 3632 519 3697 unquam
534 3610 773 3677 inobedientiam
786 3624 912 3701 gustare
928 3615 999 3681 Dei.
1031 3615 1064 3678 Si
1077 3623 1182 3680 autem
1198 3623 1398 3703 utrorumque

243 3736 350 3778 eorum
372 3715 592 3802 cognitionem,
615 3723 648 3780 et
670 3716 808 3802 duplices
827 3740 938 3812 sensus
953 3719 1141 3806 cognitionis
1161 3719 1232 3805 quis
1245 3719 1396 3807 defugiat,

243 3816 376 3898 latenter
390 3818 592 3903 semetipsum
607 3819 720 3883 occidit
735 3819 902 3886 homiuem.

308 3922 339 3984 2.
385 3920 652 4001 Quemadmodum
674 3921 769 4006 igitur
792 3921 851 3986 erit
876 3925 972 4001 Deus,
998 3925 1049 4008 qui
1072 3926 1210 3989 nondum
1225 3927 1327 3990 factus
1348 3935 1397 3991 est

243 4020 357 4087 homof
378 4022 531 4106 quomodo
546 4031 651 4088 autem
664 4024 828 4107 perfectus,
841 4029 1100 4111 nuper'effectusf
1122 4029 1277 4114 quomodo
1291 4038 1398 4094 autem

244 4121 435 4201 immortalia,
451 4125 503 4209 qui
518 4126 566 4188 ⁴in
585 4135 695 4190 natura
715 4128 836 4191 mortali
858 4128 920 4193 non
941 4128 1076 4196 obedivit
1096 4130 1226 4197 factori?
1265 4133 1398 4217 Oportet

293 4275 369 4324 ¹non
387 4278 491 4327 omitted
505 4279 531 4326 in
548 4279 591 4326 tha
608 4278 707 4328 Chunus.
724 4278 792 4339 MS,
813 4274 819 4283 ’
893 4279 904 4312 ¹
920 4283 1046 4346 atrightly
1054 4285 1186 4348 expunged
1198 4285 1232 4349 by
1240 4285 1337 4345 Musa,
1348 4287 1398 4336 and

243 4355 290 4406 bnt
301 4358 344 4407 the
354 4360 498 4408 correlative
513 4359 623 4408 member
635 4359 728 4409 obedia
742 4359 794 4409 Deo
844 4366 889 4410 not
900 4362 926 4409 in
937 4363 979 4411 the
991 4363 1035 4411 Cu.
1048 4365 1098 4411 and
1109 4365 1190 4416 Voss.
1220 4365 1330 4428 uticum,
1347 4369 1396 4417 AB.

243 4438 337 4486 follows
355 4440 509 4492 afterwards.
542 4442 594 4491 AR.
614 4442 685 4491 reads
702 4441 745 4491 loc
762 4448 795 4491 eet
893 4443 1021 4493 'Onnum
1034 4453 1095 4495 met.

243 4526 323 4569 auum
333 4536 390 4574 aon.
893 4523 970 4573 ⁴An.
983 4525 1056 4574 omits
1069 4525 1102 4578 iu.
