3000 4994
243 322 311 388 132
563 335 664 390 DEUS
689 334 850 390 OMNIUM
877 335 1068 389 CONDITOR

102 509 154 550 ιιι.
165 508 206 549 ιιι.
243 509 362 567 omnes,
377 487 431 576 qui
445 509 508 554 non
517 490 525 529 ¹
534 496 723 552 concurrunt
737 487 778 551 ad
791 485 975 564 Ecclesiam,
987 487 1043 552 sed
1057 485 1241 572 semetipsos
1254 486 1399 552 fraudant

95 555 184 596 xxxviii.
195 557 212 595 1.

85 602 220 690 ffigffl
243 613 264 656 a
289 591 363 668 vita,
385 613 441 675 per
463 590 651 656 sententiam
673 589 797 667 malam,
820 597 853 654 et
874 589 1085 675 operationem
1108 590 1286 674 pessimam.
1331 588 1398 653 Ubi

81 695 230 782 Q
244 695 327 760 enim
354 695 505 774 Ecclesia,
531 693 574 759 ibi
600 702 633 759 et
659 692 793 780 Spiritus
819 693 896 768 Dei3
925 697 974 758 2et
999 694 1051 758 ubi
1080 693 1214 779 Spiritus
1237 694 1308 772 Dei,
1337 692 1398 758 illic

244 797 395 874 Ecclesia,
408 805 440 862 et
454 797 556 862 omnis
570 796 686 885 gratia:
705 795 840 882 Spiritus
853 805 959 860 autem
973 796 1098 861 veritas.
1136 796 1331 882 Quapropter
1346 796 1399 882 qui

242 921 305 964 uon
331 898 518 985 participant
546 919 628 976 eum,
657 918 758 984 neque
782 919 803 962 a
827 897 1004 963 mammillis
1029 897 1139 962 matris
1164 897 1341 961 nutriuntur
1366 897 1399 960 in

242 1001 349 1081 vitam,
369 1024 470 1089 neque
491 1001 665 1089 percipiunt
686 1001 724 1065 de
748 1022 876 1086 corpore
896 999 1012 1065 Christi
1032 1001 1250 1086 procedentem
1278 999 1399 1064 nitidis-

242 1106 355 1170 simum
370 1105 504 1170 fontem:
528 1105 584 1170 sed
599 1103 749 1169 effodiunt
768 1103 828 1168 sibi
844 1103 931 1168 lacus
945 1103 1076 1168 detritos
1090 1105 1129 1168 de
1148 1103 1240 1168 fossis
1257 1104 1397 1182 terrenis,

241 1216 275 1272 et
289 1209 328 1273 de
343 1230 433 1273 coeno
453 1207 594 1294 putidam
609 1206 720 1271 bibunt
734 1228 858 1293 aquam,
877 1205 1060 1292 effugientes
1074 1207 1166 1270 fidem
1184 1205 1345 1285 Ecclesiae,
1360 1227 1399 1270 ne

240 1312 461 1386 traducantur;
481 1310 658 1397 rejicientes
671 1332 743 1375 vero
759 1309 920 1394 Spiritum,
938 1319 1050 1375 utnon
1065 1310 1255 1375 erudiantur.

307 1416 340 1478 2.
379 1412 521 1477 Alienati
545 1434 616 1477 vero
638 1435 659 1477 a
678 1412 817 1488 veritate,
839 1411 933 1499 digne
947 1410 981 1475 in
995 1411 1080 1477 omni
1095 1412 1273 1477 volutantur
1287 1434 1398 1492 errore,

240 1514 383 1581 fluctuati
391 1516 432 1580 ab
444 1537 491 1593 eo,
504 1514 596 1579 aliter
608 1522 704 1599 atque
717 1514 808 1578 aliter
820 1535 875 1600 per
885 1522 1027 1598 tempora
1037 1515 1077 1578 de
1089 1514 1207 1580 eisdem
1218 1515 1398 1594 sentientes,

241 1627 274 1686 et
296 1639 454 1703 nunquam
477 1616 642 1683 scientiam
668 1617 853 1682 ³stabilitam
878 1617 1040 1694 habentes,
1064 1618 1213 1704 sophistae
1237 1619 1399 1683 verborum

240 1721 344 1809 magis
365 1719 505 1785 volentes
528 1741 598 1784 esse
627 1741 722 1806 quam
750 1718 894 1804 discipuli
920 1718 1069 1784 veritatis.
1118 1719 1191 1784 Nou
1216 1721 1299 1785 enim
1325 1731 1398 1786 sunt

77 1847 215 1889 naevum
242 1823 363 1889 fundati
387 1845 480 1909 super
501 1826 615 1887 ⁴uuam
638 1831 770 1908 petram,
800 1823 856 1888 aed
881 1844 974 1908 super
1002 1845 1140 1901 arenam,
1170 1825 1338 1889 habentem
1364 1826 1398 1890 in

75 1895 136 1935 ‘m
242 1926 344 2012 seipsa
366 1926 485 2011 lapides
511 1925 636 1992 multos.
682 1926 818 2009 Propter
836 1925 896 1991 hoc
917 1933 950 1990 et
971 1924 1086 1990 multos
1109 1925 1195 1990 Deos
1217 1927 1350 2013 fingunt,
1366 1936 1398 1993 et
1412 1954 1490 2000 aar.

241 2051 379 2116 quaerere
393 2028 517 2114 quidem
539 2051 662 2116 semper
684 2029 718 2094 in
736 2029 938 2095 excusatione
961 2029 1088 2108 habent,
1113 2030 1282 2095 oaecutiunt
1303 2030 1397 2111 enim,

241 2131 378 2197 invenire
393 2154 464 2197 vero
479 2154 637 2218 nunquam
652 2141 794 2219 possunt.
832 2131 1057 2217 Blasphemant
1072 2131 1154 2196 enim
1169 2132 1397 2213 fabricatorem,

240 2236 301 2302 hoc
315 2244 374 2313 est,
389 2237 472 2301 “eum
487 2236 540 2323 qui
555 2245 604 2301 est
618 2258 690 2302 vere
706 2236 804 2314 Deus,
820 2237 872 2324 qui
887 2245 920 2302 et
933 2244 1063 2322 praestat
1078 2236 1231 2312 invenire;
1250 2246 1396 2322 putantes

239 2361 275 2407 se
289 2363 382 2427 super
398 2340 501 2407 Deum
516 2341 649 2407 alterum
663 2341 817 2407 invenisse
832 2341 946 2419 Deum,
958 2339 1006 2405 vel
1020 2340 1151 2405 alteram
1163 2342 1396 2426 plenitudinem,

239 2442 287 2509 vel
301 2444 432 2510 alteram
447 2442 691 2530 dispositionem.
736 2443 931 2529 Quapropter
945 2452 978 2509 et
991 2443 1105 2521 lumen,
1121 2445 1203 2531 quod
1218 2453 1267 2510 est
1281 2467 1301 2509 a
1317 2445 1396 2525 Deo,

240 2568 304 2612 non
333 2547 433 2613 ⁶lucet
462 2546 518 2625 eis,
548 2546 695 2632 quoniam
723 2544 987 2612 inhonoraverunt
1010 2555 1043 2612 et
1067 2557 1248 2632 spreverunt
1281 2548 1395 2626 Deum,

240 2650 418 2715 'minimum
431 2651 620 2716 arbitrantes
634 2672 716 2728 eum,
737 2650 887 2736 quoniam
905 2659 1032 2736 propter
1046 2649 1242 2715 dilectionem
1259 2672 1348 2716 suam
1364 2661 1396 2717 et

239 2752 425 2820 immensam
439 2754 664 2842 benignitatem
687 2753 719 2817 in
742 2753 934 2840 agnitionem
948 2752 1033 2819 venit
1054 2752 1249 2818 hominibus:
1276 2755 1397 2840 (⁸agni-

240 2855 357 2920 tionem
378 2864 484 2921 autem
507 2878 569 2921 non
590 2855 761 2921 secundum
778 2854 1034 2943 magnitudinem,
1055 2877 1113 2919 uec
1132 2855 1302 2920 secuudum
1323 2859 1395 2921 suh

240 2958 410 3032 stantiam3
448 2979 541 3021 nemo
570 2956 654 3021 enim
685 2979 814 3022 mensus
849 2966 898 3022 est
934 2979 1015 3035 eam,
1053 2978 1110 3022 nec
1147 2956 1301 3043 palpavit;
1339 2961 1395 3024 sed

239 3059 411 3122 secuudum
426 3058 511 3137 illud,
527 3068 563 3124 nt
582 3060 742 3137 sciremus,
761 3059 906 3145 quoniam
929 3059 982 3145 qui
1003 3059 1087 3138 lecit,
1110 3067 1142 3124 et
1168 3058 1340 3145 plasmavit,
1362 3070 1395 3125 et

239 3160 480 3226 insufflationem
498 3162 570 3227 vitae
591 3163 759 3228 insufflavit
779 3163 830 3226 ⁰in
852 3163 907 3242 eis,
930 3171 963 3228 et
987 3184 1044 3249 per
1065 3163 1274 3228 conditionem
1296 3165 1395 3228 nutrit

239 3285 307 3342 nos,
329 3263 437 3330 Verbo
456 3287 512 3330 suo
535 3267 730 3346 confirmans,
751 3276 783 3333 et
806 3267 967 3354 Sapientia
986 3268 1189 3356 compingens
1210 3268 1323 3346 omnia,
1344 3269 1395 3334 hic

288 3416 299 3449 ²
317 3418 371 3479 Cn,
386 3418 477 3480 Voss„
492 3420 556 3469 Fun.
573 3436 651 3482 merp.
671 3430 774 3470 currunt
781 3442 792 3479 ,·
843 3423 886 3472 the
897 3423 951 3484 (in,
964 3423 1046 3472 which
1059 3423 1189 3472 Massunr
1199 3423 1256 3472 faiis
1268 3429 1295 3473 to
1306 3429 1371 3473 noto.

239 3495 286 3544 bnt
307 3497 359 3545 An.
381 3504 533 3558 concurrunt,
553 3498 676 3563 implying
697 3500 793 3549 harmo-
892 3503 961 3555 lrhu
980 3506 1053 3556 ὄντως
1065 3507 1132 3567 θεὸν,
1153 3506 1196 3555 τὸν
1211 3509 1250 3555 καὶ
1265 3509 1396 3570 χαρίζοντα

238 3577 312 3626 niens
323 3579 413 3626 action.
843 3585 925 3648 εὑρεῖν.

289 3658 337 3708 ’et
357 3659 400 3709 ubi
419 3659 527 3723 Spiritu
546 3661 602 3712 Dei.
639 3663 679 3728 By
698 3680 714 3713 a
732 3680 793 3728 very
891 3667 1018 3717 ‘Onnum
1033 3669 1093 3718 lieet.

238 3758 353 3792 common
372 3759 440 3792 error
457 3743 518 3792 with
535 3744 579 3793 the
597 3747 748 3795 transcriber
766 3746 795 3795 oi
890 3748 901 3782 7
918 3749 949 3798 Id
967 3755 1005 3799 est
1028 3751 1191 3813 ὑστερήματος
1214 3752 1313 3815 καρπὸν,
1333 3751 1396 3801 lehis

237 3825 281 3874 the
298 3825 399 3874 Cursu.
418 3824 476 3875 MS.
494 3826 564 3874 these
580 3825 637 3875 four
652 3828 733 3876 words
750 3845 792 3877 are
835 3831 950 3895 fructum
960 3832 1111 3882 arbitrantes
1120 3849 1185 3893 eum,
1194 3840 1224 3883 ut
1232 3835 1290 3883 alibi
1302 3836 1395 3898 passim

238 3907 352 3968 omitted,
364 3908 403 3956 his
416 3924 461 3973 eye
475 3909 569 3973 having
583 3910 715 3973 possedon
727 3911 792 3959 from
841 3911 910 3961 dicit.
929 3912 1015 3962 Mass.
1045 3913 1099 3961 But
1109 3914 1135 3961 in
1147 3913 1181 3962 all
1191 3914 1340 3977 probability
1352 3914 1395 3961 the

237 3988 281 4038 the
292 3989 356 4038 cloae
370 3990 398 4038 of
412 4006 459 4039 one
474 3991 569 4039 similar
580 3993 746 4041 combination
764 3994 794 4042 ol
842 3994 926 4043 Greek
937 3995 987 4043 had
1000 3995 1100 4054 ἡκίστου
1112 3997 1230 4056 ἀξιοῦντες
1244 3997 1322 4055 aaa,
1336 3994 1394 4042 read

237 4071 318 4120 words
335 4076 363 4119 to
380 4072 413 4119 its
430 4077 597 4137 oonnterpart
633 4074 693 4122 This
709 4075 730 4122 ia
748 4075 791 4123 the
840 4073 875 4138 by
886 4075 928 4122 the
939 4075 1074 4124 translator
1084 4092 1112 4124 aa
1123 4077 1229 4135 ἥκιστα.

236 4153 338 4201 writer'a
355 4153 464 4203 weakest
479 4156 564 4218 point;
581 4155 607 4204 in
622 4171 698 4220 many
709 4157 790 4219 places
886 4153 943 4215 ⁸in,
950 4155 1044 4204 addidi
1049 4157 1189 4206 audomare
1195 4156 1299 4206 Oedct.
1306 4155 1393 4203 Mass.

236 4235 330 4284 several
341 4235 404 4284 linea
415 4236 479 4285 have
490 4236 658 4301 disappeared
839 4237 893 4287 The
903 4238 1007 4302 particle
1018 4240 1132 4289 however
1143 4240 1164 4288 is
1175 4245 1219 4287 not
1233 4238 1310 4287 there.

285 4315 297 4348 ⁸
314 4317 347 4365 So
359 4318 401 4366 the
413 4318 523 4378 Orsen,
537 4319 568 4368 al.
581 4319 696 4370 actm
888 4319 944 4369 ‘io
962 4321 984 4369 ia
1001 4321 1107 4371 omitted
1124 4323 1158 4385 by
1175 4321 1287 4379 Eaasu,
1308 4319 1391 4368 Gran.

284 4398 295 4429 ⁴
313 4398 408 4447 Garun
429 4401 484 4449 first
504 4401 613 4465 adopted
630 4417 707 4450 anem
724 4402 788 4450 from
839 4402 889 4451 and
905 4403 932 4451 in
949 4404 1038 4453 Maso.
1052 4416 1081 4452 11.
1099 4402 1187 4460 MSS,
1205 4401 1255 4449 and
1272 4402 1293 4449 it
1310 4402 1393 4449 would

235 4482 279 4531 the
296 4483 348 4530 An.
362 4482 412 4530 and
429 4482 510 4533 Voss.
524 4484 601 4535 MSS.
633 4485 660 4534 It
671 4485 790 4549 displaoee
840 4488 886 4533 not
907 4484 939 4532 be
964 4484 1085 4548 required,
1114 4483 1157 4531 the
1184 4482 1290 4545 original
1319 4483 1393 4547 being

235 4563 323 4614 vivam.
348 4562 401 4612 The
411 4564 600 4615 emendationis
614 4567 748 4616 confirmed
757 4567 791 4632 by
841 4569 974 4630 ἐνεφύσησε
985 4567 1072 4616 αὐτοῖς.
1108 4566 1160 4614 But
1171 4566 1188 4615 l.
1200 4565 1218 4615 l.
1230 4564 1257 4613 io
1269 4579 1312 4614 coe.
