3000 4994
439 339 743 396 ruoonaumunm
769 341 923 397 amam.
1188 328 1255 399 297

166 497 198 562 3.
246 495 476 562 Irrationabiles
490 496 586 584 igitur
600 497 684 562 omui
702 498 805 575 modo,
827 497 880 583 qui
899 518 963 561 nou
977 502 1160 584 exspectant
1174 504 1253 562 tem·
1289 520 1391 606 fflffi'·

101 621 160 686 pus
173 599 343 687 augmenti,
355 608 388 665 et
401 621 467 665 suae
478 608 597 665 naturae
612 599 824 667 infirmitatem
838 601 1019 667 adscribunt
1035 601 1114 666 Deo.
1143 600 1252 686 Neque
1264 613 1415 700 Gffi'ffl·

100 704 184 769 eninr
215 704 318 768 Deum
347 724 447 791 neque
475 706 660 792 semetipsos
684 705 829 783 seientes,
853 704 1044 770 insatiabiles
1069 713 1102 769 et
1125 704 1249 791 ingrati,
1280 705 1396 745 'wll‘

99 806 241 872 nolentes
259 806 359 891 primo
379 829 448 872 esse
470 807 530 874 hoo
552 809 635 893 quod
655 817 689 874 et
706 808 781 873 sacti
803 815 887 887 sunt,
909 808 1051 874 homines
1072 807 1251 893 passionum

100 932 249 997 capacesr
273 910 330 976 sed
343 912 612 1000 supergredientes
630 912 731 1000 legem
745 911 873 976 humani
888 912 1021 999 generis,
1036 920 1069 977 et
1083 920 1251 999 antequam

100 1015 178 1080 fiant
192 1015 342 1095 homines,
354 1016 422 1101 jam
437 1015 544 1081 volunt
558 1016 676 1082 similes
695 1037 764 1082 esse
778 1016 889 1081 factori
905 1017 985 1095 Deo,
1001 1024 1033 1081 et
1052 1016 1167 1081 nullam
1183 1037 1252 1081 esse

100 1118 305 1183 differentiam
319 1117 425 1184 infecti
441 1117 502 1183 Dei
517 1126 550 1183 et
564 1140 646 1184 nunc
664 1118 739 1183 lacti
757 1118 919 1196 ⁷hominis,
934 1119 987 1205 qui
1007 1119 1075 1206 plus
1090 1118 1252 1184 irrationa-

99 1220 146 1287 les
166 1230 240 1286 sunt
260 1243 354 1309 quam
375 1229 462 1285 muta
484 1221 642 1288 animalia.
698 1221 776 1287 Haeo
798 1221 882 1286 enim
905 1243 968 1286 uon
994 1222 1150 1308 imputant
1169 1222 1250 1300 Deo,

99 1326 245 1410 quoniam
257 1347 320 1389 non
332 1324 474 1390 homines
485 1325 574 1390 ⁸leoit
585 1346 642 1401 ea;
665 1325 721 1390 sed
736 1324 974 1413 unumquodque
987 1347 1025 1390 eo
1040 1325 1122 1413 quod
1133 1327 1251 1390 sactum

99 1438 157 1506 est,
177 1428 323 1514 quoniam
342 1429 460 1494 lactum
479 1437 538 1507 est,
556 1429 675 1516 gratias
693 1428 771 1516 agit.
809 1429 877 1494 Nos
895 1430 979 1494 enim
999 1431 1188 1517 imputamus
1209 1429 1250 1510 ei,

99 1534 247 1618 quoniam
261 1555 324 1598 non
335 1533 375 1598 ab
388 1533 476 1598 initio
493 1532 545 1596 Dii
560 1532 635 1597 lacti
645 1554 764 1611 sumus,
779 1533 834 1598 sed
851 1533 1085 1620 primoquidem
1099 1533 1250 1613 homines,

98 1639 191 1703 ⁹tuno
209 1637 333 1702 demum
353 1637 426 1701 Dii:
450 1636 591 1724 quamvis
611 1636 700 1701 Deus
720 1637 891 1702 secundum
912 1636 1144 1722 simplicitatem
1163 1637 1251 1703 boui-

98 1739 175 1805 tatis
188 1761 254 1804 suae
269 1740 328 1805 hoc
343 1740 459 1817 lecerit,
475 1762 515 1805 ne
535 1738 605 1825 quis
619 1761 690 1804 eum
705 1746 794 1825 putet
814 1738 1009 1816 invidiosum,
1026 1747 1082 1803 aut
1097 1739 1252 1826 ¹⁰imprae·

98 1851 246 1909 stantem.
282 1843 358 1929 Epo,
377 1842 487 1928 inquit,
504 1842 582 1920 deci,
600 1841 661 1906 Dii
675 1842 754 1919 curs,
769 1850 798 1906 et
806 1840 876 1924 filii
889 1841 1012 1905 anelsi
1026 1863 1138 1915 omnes,-
1162 1843 1253 1908 nobis
1263 1856 1298 1948 {a
1307 1857 1401 1906 unta

97 1952 203 2010 autem
222 1952 411 2032 potestatem
431 1944 603 2010 divinitatis
621 1943 759 2030 bajulare
779 1965 842 2009 uon
864 1943 1098 2022 sustinentibus,
1126 1943 1182 2008 Vos
1195 1968 1252 2010 aa·

98 2057 166 2127 tem,
182 2047 295 2136 inquit,
315 2048 426 2113 ¹¹aelat
445 2048 577 2113 domimo
597 2048 789 2121 mouentem
818 2056 949 2133 utraque
966 2048 1111 2127 reserens,
1126 2056 1159 2115 et
1177 2048 1251 2114 illud

98 2153 181 2239 quod
201 2161 251 2218 est
268 2152 436 2239 benignum
457 2173 523 2217 suae
545 2149 732 2228 donationis,
755 2158 788 2215 et
811 2149 1024 2217 infirmitatem
1046 2159 1195 2228 nostram,
1218 2161 1251 2218 et

98 2256 182 2342 quod
203 2276 343 2320 essemus
365 2262 481 2320 nostrae
502 2252 678 2340 potestatis.
723 2252 901 2317 Secundum
922 2252 1006 2317 enim
1025 2253 1251 2341 benignitatem

96 2377 187 2422 suam
209 2356 289 2421 bene
312 2353 397 2421 dedit
421 2355 548 2432 bonum,
567 2361 599 2418 et
621 2352 739 2418 similes
758 2352 818 2418 sibi
840 2374 905 2418 snae
924 2354 1089 2439 potestatis
1110 2354 1252 2422 homines

97 2458 189 2524 lecit:
206 2459 377 2524 secundnm
390 2466 497 2522 autem
512 2456 736 2544 providentiam
750 2455 840 2522 scivit
855 2456 1015 2521 hominurn
1027 2457 1250 2538 infirmitatem,

96 2571 130 2628 et
145 2584 214 2649 quae
229 2571 359 2628 ventura
372 2569 477 2627 essent
492 2583 532 2625 ex
547 2582 604 2637 ea;
624 2559 795 2625 secundum
809 2567 914 2624 autem
929 2559 1125 2625 dilectionem
1145 2568 1177 2626 et
1191 2561 1251 2627 vir·

97 2674 198 2732 tutem
211 2666 343 2730 ¹2vincet
355 2665 446 2730 laotae
458 2662 808 2729 naturaesubstantiam.
836 2660 1024 2747 Oportuerat
1033 2671 1140 2728 autem
1150 2662 1250 2748 primo

95 2779 240 2836 naturam
256 2791 414 2855 apparere,
435 2777 506 2854 post
524 2768 635 2833 deinde
651 2766 733 2831 vinci
752 2775 785 2832 et
806 2767 960 2831 ¹³absorbi
982 2767 1112 2832 mortale
1132 2768 1172 2832 ab
1193 2767 1249 2832 im·
1262 2780 1327 2867 3⁰03·
1335 2789 1353 2819 v·
1364 2783 1381 2821 ⁴·

95 2874 296 2952 mortalitate,
311 2880 344 2938 et
359 2871 556 2957 corruptibile
574 2873 615 2937 ab
630 2870 930 2956 incorruptibilitate,
952 2879 985 2936 et
1005 2871 1071 2936 lieri
1092 2871 1250 2938 hominem
1324 2829 1412 2869 ’Μ

94 2977 265 3042 secundum
280 2976 446 3063 imaginem
461 2984 493 3041 et
507 2973 741 3042 similitudinem
761 2973 832 3052 Dei,
852 2971 1012 3060 agnitione
1031 2982 1161 3061 accepta
1174 2975 1248 3041 boni

94 3087 128 3145 et
142 3079 226 3148 mali.

93 3271 196 3333 terpres.
223 3268 327 3317 Ganos.
378 3268 431 3318 Eut
453 3268 571 3330 πράσσειν
589 3284 648 3334 may
746 3268 769 3301 ¹⁰
785 3269 980 3333 imprwawnten,
995 3271 1151 3332 ἀμετάδοτον,

94 3365 155 3414 very
166 3350 282 3414 properly
293 3351 323 3398 ba
336 3350 467 3414 expressed
482 3350 516 3414 by
527 3349 647 3399 adminis-
746 3349 768 3383 ¹²
786 3351 839 3410 Cn,
856 3352 907 3402 Aa.
927 3353 996 3413 eun,
1015 3354 1096 3403 which
1112 3355 1154 3403 the
1168 3354 1251 3404 writer

93 3438 167 3493 trare,
186 3447 262 3494 opere,
283 3432 327 3482 ha.
372 3447 392 3481 e.
405 3448 428 3494 p.
445 3432 564 3481 Tuuorn.
584 3444 602 3482 1.
625 3443 646 3482 1.
697 3430 727 3480 of
734 3431 777 3480 the
787 3431 879 3480 tormer
890 3431 947 3481 MS.
961 3433 1086 3499 evidently
1097 3435 1156 3483 read
1173 3435 1200 3484 in
1212 3436 1250 3484 his

95 3514 190 3577 πρόσσε
202 3516 296 3576 θαρσῶν
307 3515 347 3562 sul
358 3515 391 3563 τὰ
402 3515 448 3572 ἐμὰ
459 3515 499 3563 rol
511 3516 544 3563 τὰ
554 3516 595 3565 σά.
696 3528 768 3577 copy,
798 3514 902 3564 &cauae
923 3517 966 3565 the
987 3532 1130 3566 recurrenoe
1154 3517 1183 3565 of
1207 3518 1250 3567 the

143 3593 154 3626 ³
170 3596 223 3644 The
234 3594 334 3645 oanan.
347 3611 410 3660 copy
419 3596 493 3643 omits
504 3595 547 3646 ric.
696 3595 765 3644 word
776 3602 855 3643 antem
872 3597 963 3645 caused
978 3597 1029 3646 him
1045 3603 1072 3646 to
1083 3599 1154 3647 write
1169 3599 1193 3646 in
1206 3599 1250 3648 the

143 3675 154 3708 ⁴
171 3676 293 3740 paeoniam,
312 3676 415 3740 reading
425 3677 463 3724 dra
473 3677 512 3724 for
523 3677 543 3725 d.
695 3679 828 3743 preceding
845 3679 902 3738 line,
921 3686 1000 3727 ouum
1013 3678 1092 3741 inquit
1106 3679 1168 3727 velut
1179 3686 1250 3742 potes·

142 3759 153 3792 ⁶
170 3758 227 3818 Ga,
237 3758 406 3819 Vnr.,⁴Voss.
429 3757 582 3821 satisfactus,
593 3759 645 3807 Aa.
694 3766 772 3809 mem.
808 3760 857 3809 Ga.
871 3760 921 3807 and
934 3759 1019 3808 Srmn.
1034 3760 1104 3823 print
1116 3758 1184 3808 alno.

143 3837 154 3871 ⁰
171 3840 222 3888 Aa.
235 3841 310 3888 omits
321 3846 342 3887 et
346 3840 450 3902 jubente.
744 3839 767 3872 ¹²
781 3839 864 3900 anca,
884 3839 938 3900 Cu,
950 3840 1025 3900 Vsa,
1037 3839 1126 3899 Voss,
1137 3839 1184 3888 but
1196 3841 1247 3894 Aa.

142 3921 154 3956 ⁷
172 3922 214 3972 Cu.
227 3921 340 3972 honines.
694 3922 767 3972 vinei.

142 4001 220 4053 ⁸An.
228 4004 296 4067 fecit.
331 4004 385 4063 Cn,
398 4003 477 4053 Voss.
484 4002 559 4066 facit.
744 4001 766 4036 ¹¹
783 4003 865 4066 Scep.
881 4014 934 4064 105,
948 4018 973 4052 n.
985 4000 1009 4052 6.

142 4080 227 4133 'tunc
237 4083 333 4133 demum
346 4083 400 4147 Dii,
414 4099 455 4133 see
466 4100 489 4149 p.
505 4098 544 4145 ar,
558 4101 584 4134 n.
598 4096 621 4147 5.
