3000 4994
507 376 619 430 naum
646 377 759 431 unum
784 375 1026 430 vmmoavlr.
1264 361 1333 428 383

178 552 281 597 suum.
316 530 422 597 Elatia
432 531 538 619 itaqua
552 554 663 598 sensus
677 554 747 620 quoe
761 532 821 598 fuit
832 533 865 597 in
879 540 1033 618 serpente,
1048 532 1201 599 dissoluta
1214 539 1263 599 est
1277 555 1332 619 per
1351 549 1497 639 mayna

178 656 249 701 cam
271 658 341 721 quae
366 636 426 701 fuit
447 636 481 701 in
510 635 635 701 homine
658 636 838 702 humilitas:
867 644 900 702 et
923 635 972 701 bis
989 638 1057 724 jam
1078 636 1179 702 victus
1201 642 1271 702 erat
1292 636 1332 702 de
1351 642 1496 729 Gffiyft

180 737 342 825 Scriptura
365 738 528 816 Diabolus,
549 760 622 804 cum
642 746 691 804 cst
713 739 885 819 traductus,
910 738 1066 805 contraria
1087 746 1244 826 praecepto
1270 735 1492 819 Dei—¹2²-

179 844 323 921 suadens,
339 851 373 908 et
386 844 556 908 secundum
570 843 759 909 sententiam
773 864 862 908 suam
883 843 944 909 Dei
958 843 1059 910 hostis
1079 852 1231 909 ostensus
1271 843 1333 924 Qui

180 949 229 1011 ¹ct
246 968 360 1034 magne
380 947 568 1024 confutatus,
592 955 625 1011 et
645 946 733 1034 quasi
753 947 957 1034 semetipsum
976 947 1134 1034 colligens,
1156 948 1333 1012 universam

80 1061 161 1101 ¹¹·319-
180 1070 272 1135 quam
290 1050 426 1115 habebat
440 1050 587 1114 virtutem
602 1049 635 1114 in
651 1050 864 1116 ¹mendacium
883 1051 1040 1129 ordinans,
1054 1050 1149 1115 tertio
1163 1050 1333 1115 omcaditci

80 1168 158 1207 um
179 1152 271 1217 secali
293 1174 388 1238 capno
410 1156 521 1231 mocio,
546 1158 591 1217 ²ot
610 1154 742 1239 plocium
764 1155 921 1239 pisorum,
934 1152 1049 1233 dicens,
1073 1152 1332 1240 quemadmodum

178 1255 319 1321 meminit
336 1256 457 1322 Lucas:
481 1257 560 1321 Hoec
574 1257 675 1322 omnio
691 1257 746 1323 tibi
765 1257 851 1335 doto,
866 1258 1012 1344 quonium
1025 1258 1102 1322 miti
1115 1258 1236 1322 traditu
1250 1267 1330 1336 suat,
1344 1277 1487 1327 nasicas.

181 1368 209 1423 et
229 1360 280 1423 cui
300 1359 364 1424 oola
382 1361 421 1424 do
439 1383 486 1438 ec,
509 1361 554 1424 ⁸si
565 1361 733 1446 procidens
753 1360 933 1425 adoraveris
952 1383 1008 1426 otc.
1049 1360 1205 1425 Dominus
1225 1359 1331 1445 itaque

180 1459 362 1529 *traducens
385 1485 457 1529 eum
487 1463 540 1549 qui
568 1471 665 1530 esset:
697 1464 793 1544 Vade,
816 1465 927 1551 inquit,
957 1466 1096 1540 Somou,-
1121 1468 1269 1551 comptum
1290 1476 1480 1532 mmmm

179 1567 292 1630 bcrn‘m:
315 1566 481 1631 Dominum
497 1568 599 1632 Deum
618 1577 703 1632 tuum
724 1568 877 1644 odorato,
897 1578 925 1634 ot
946 1569 997 1635 ilii
1016 1568 1072 1634 sab
1092 1570 1213 1634 maios.
1250 1568 1332 1634 “De-

179 1668 302 1733 nudans
325 1690 396 1733 eum
416 1691 472 1753 per
496 1669 556 1736 hoc
581 1691 705 1749 nomen,
728 1680 811 1736 etse
834 1672 1001 1738 ostendens
1023 1672 1076 1759 qui
1098 1679 1176 1738 erat.
1214 1673 1333 1737 Satana

180 1771 262 1835 enim
277 1772 405 1837 verbum
420 1771 640 1850 ⁷Hebraicum,
657 1774 847 1859 Apostatam
861 1775 1027 1862 significat.
1060 1775 1105 1840 Et
1118 1775 1213 1840 tertio
1226 1774 1332 1860 itaque

179 1872 307 1938 vincens
326 1894 407 1951 eum,
424 1873 474 1938 ⁸in
494 1874 646 1960 reliquum
665 1875 778 1961 repulit
791 1897 812 1940 a
831 1877 999 1962 semetipso
1013 1877 1101 1963 quasi
1115 1876 1255 1964 legitime
1269 1875 1333 1942 vic·

180 1982 266 2040 tum:
290 1985 323 2041 ct
337 1976 440 2042 soluta
454 1984 503 2042 est
522 1998 560 2042 ea
574 1998 643 2063 quae
658 1977 759 2043 fuerat
773 1978 805 2044 in
821 1979 928 2044 Adam
948 1981 1096 2067 praecepti
1112 1980 1173 2045 Dei
1188 1979 1332 2067 praevari-

180 2080 274 2158 catio,
303 2101 359 2165 per
384 2089 574 2168 praeceptum
598 2081 686 2167 legis,
717 2083 800 2169 quod
822 2084 956 2149 servavit
980 2082 1081 2149 Filius
1109 2084 1244 2150 hominis
1269 2104 1333 2150 non

180 2183 412 2270 transgrediens
426 2192 615 2271 praecaptum
630 2184 703 2250 Dei.

245 2289 276 2351 3.
323 2285 400 2368 Quis
414 2308 489 2373 crgo
504 2286 660 2351 Dominus
678 2286 776 2364 Deus,
792 2287 842 2352 cui
857 2288 1019 2354 ⁹0hristus
1037 2289 1251 2355 testimonium
1265 2311 1332 2376 per·

181 2387 287 2463 hibet,
312 2410 404 2474 quem
424 2410 516 2454 nemo
537 2389 682 2466 tentabit,
704 2396 739 2453 et
757 2412 849 2477 quem
868 2413 977 2457 omnes
997 2392 1126 2457 adorare
1145 2401 1278 2480 oportet,
1300 2399 1333 2457 et

182 2491 241 2577 ipsi
263 2492 321 2556 soli
342 2491 476 2558 serviret
519 2492 708 2557 Omnimodo
729 2492 780 2557 ille
801 2500 850 2558 cst
872 2493 940 2558 sine
958 2494 1063 2574 dubio,
1084 2494 1137 2580 qui
1160 2503 1194 2560 et
1214 2493 1333 2581 Legem

181 2593 268 2658 dedit
290 2594 388 2660 Deus.
426 2595 508 2661 Haec
529 2595 612 2659 enim
633 2594 665 2657 iu
687 2594 772 2681 Lege
792 2595 941 2679 praedicta
960 2596 1092 2674 fuerant,
1112 2605 1144 2662 ct
1165 2618 1220 2682 per
1239 2597 1334 2684 Legis

182 2698 371 2762 sententiam
385 2699 523 2764 ostendit
538 2697 703 2774 Dominus,
720 2697 865 2784 quoniam
882 2697 951 2764 Lex
966 2699 1090 2785 quidem
1104 2721 1124 2764 a
1139 2700 1236 2765 Patre
1252 2700 1334 2765 Ver·

182 2803 257 2867 bum
272 2801 401 2866 Domini
421 2801 606 2866 annuntiat:
630 2807 775 2885 apostata
788 2809 894 2865 autem
915 2799 976 2866 Dei
998 2801 1127 2890 angelus
1147 2805 1234 2888 ¹⁰per
1251 2802 1334 2868 illius

183 2905 352 2973 destruitur
365 2925 482 2983 vocem,
503 2903 665 2968 traductus
680 2902 778 2990 ¹¹quis
797 2911 890 2981 asset,
905 2910 938 2968 et
951 2903 1052 2968 victus
1066 2924 1086 2968 a
1103 2903 1185 2969 Filio
1199 2903 1334 2969 hominis

182 3019 324 3077 servante
344 3008 405 3074 Dei
420 3016 619 3095 praeceptum.
670 3005 825 3088 Quoniam
839 3005 923 3072 enim
942 3006 975 3074 in
994 3006 1083 3072 initio
1102 3006 1219 3072 homini
1234 3007 1335 3073 suasit

182 3113 357 3202 transgredi
382 3119 572 3199 proeceptum
597 3110 734 3189 factoris,
760 3110 830 3175 idco
859 3130 930 3175 eum
952 3111 1063 3175 habuit
1091 3111 1125 3177 in
1153 3132 1211 3176 sua
1231 3118 1335 3197 potas·

181 3227 263 3294 tate;
287 3224 427 3304 potestas
440 3224 546 3281 autem
560 3214 630 3301 ejus
644 3222 693 3280 est
706 3212 914 3301 transgressio
928 3222 961 3279 et
974 3213 1141 3300 apostasia,
1162 3222 1195 3280 et
1209 3213 1259 3279 his
1273 3212 1336 3279 col·

182 3320 290 3408 ligavit
308 3318 487 3395 hominem3
511 3340 567 3404 per
589 3315 746 3382 hominem
770 3316 872 3402 ipsum
898 3315 1011 3381 iterum
1033 3317 1198 3404 oportebat
1218 3316 1337 3383 victum

233 3520 242 3552 ¹
260 3523 310 3570 Aa.
328 3520 403 3569 omits
419 3525 447 3570 ct.
478 3518 532 3577 Ota,
554 3517 645 3576 Voss,
666 3514 733 3565 Vm.
784 3513 817 3563 N.
832 3514 860 3564 T.
875 3516 927 3564 also
938 3532 1054 3582 supprass
1065 3517 1108 3566 tha
1120 3515 1195 3566 word.

183 3602 316 3654 mendacio.
357 3601 409 3650 But
432 3602 464 3651 eit
486 3600 571 3663 ψεύσω
592 3598 736 3648 burdam
833 3593 844 3629 ⁰
861 3598 1038 3647 ἀνακαλύπτων
1048 3596 1217 3646 abrbr....ra2
1228 3594 1337 3644 δεικνύων

184 3700 261 3733 scema
275 3699 343 3733 mora
357 3682 457 3732 natural
468 3683 530 3731 than
544 3683 569 3731 tr
584 3682 674 3744 ψεύσει,
691 3681 735 3730 tha
784 3679 858 3728 αὐτὸν
868 3680 904 3730 rb
915 3677 952 3739 ἦν.

186 3767 236 3814 Aa.
251 3764 354 3828 reading
362 3760 657 3826 thereforeiapraferred.
834 3755 972 3816 ⁷Cuffl,
985 3755 1094 3806 butAa.
1107 3751 1233 3804 Hebraico.

233 3847 244 3880 ²
260 3849 390 3897 Massurr
398 3845 506 3895 discarda
514 3846 558 3895 the
565 3845 635 3894 three
642 3843 734 3892 follow·
834 3836 845 3869 ⁸
861 3838 921 3898 AB,
935 3837 982 3886 but
994 3837 1037 3885 on.
1050 3841 1071 3884 ct
1081 3834 1209 3896 reliquum.
1244 3832 1334 3893 Voss,

184 3929 228 3993 ing
238 3928 319 3978 worda
335 3944 363 3977 as
379 3933 425 3977 not
440 3926 519 3976 found
531 3927 558 3975 in
571 3926 615 3976 tha
633 3925 733 3975 cunt.
786 3918 853 3968 Vrt-
865 3919 895 3967 dc
904 3918 1006 3981 tulique.

182 4012 231 4061 and
242 4012 324 4061 Voss.
336 4011 423 4072 MSS,
436 4010 592 4060 battheAlt.
601 4009 646 4059 bas
656 4010 733 4068 tham,
835 3999 846 4032 ⁹
864 3999 974 4049 marzo
986 4003 1033 4047 not
1046 3998 1072 4046 in
1085 3997 1128 4048 the
1138 3998 1190 4046 Aa.
1207 3995 1276 4056 MS,
1290 3995 1336 4045 but

183 4096 233 4145 and
245 4097 305 4160 they
316 4111 358 4144 ars
369 4093 487 4144 retained.
787 4082 865 4132 found
876 4081 901 4130 in
915 4081 960 4132 Cu.
973 4080 1023 4129 and
1033 4079 1115 4129 Voss.

233 4176 244 4209 ³
260 4178 313 4228 Tha
331 4176 427 4241 closing
445 4173 526 4225 words
545 4190 587 4225 are
609 4174 674 4224 from
693 4173 736 4223 th·
836 4164 857 4197 ¹⁰
869 4160 1335 4223 0mu.,Vm.,Voss.,butAButm.

184 4259 277 4324 Gospcl
288 4261 317 4309 of
331 4260 357 4309 S.
372 4258 504 4309 Mattheus.
783 4260 829 4308 per
838 4244 916 4305 illum,
929 4243 1018 4292 Maso.
1031 4256 1061 4292 11.
1074 4241 1147 4292 illud.

232 4340 389 4400 mosacen,
396 4339 523 4403 exposing,
532 4338 649 4399 δλὲγχων,
655 4351 691 4385 τις
697 4332 734 4394 ἦν.
835 4325 856 4358 ¹¹
873 4327 924 4375 Aa.
943 4324 986 4388 qai
996 4325 1027 4373 ait
1042 4323 1156 4383 strictus,
1169 4322 1269 4373 Onna.
1288 4321 1337 4372 and

232 4418 243 4451 ⁵
260 4419 324 4468 mina
341 4419 446 4468 omitted
461 4419 486 4468 in
502 4418 546 4467 tbc
561 4419 668 4466 Anum
686 4412 736 4464 and
786 4410 867 4459 Voss.
882 4407 945 4458 omit
960 4413 988 4467 at,
1007 4407 1057 4457 aad
1074 4406 1133 4456 read
1147 4407 1202 4470 quia
1218 4413 1281 4467 aad,
1294 4405 1338 4455 tha

184 4501 273 4551 Mne.
286 4514 315 4561 1.,
335 4502 382 4550 but
393 4499 471 4549 found
483 4500 509 4547 in
520 4498 563 4547 tha
574 4498 646 4546 otbsr
657 4493 735 4545 MSS.
786 4491 847 4540 final
857 4489 960 4554 syllable
970 4491 1000 4539 of
1011 4490 1092 4540 which
1106 4489 1227 4539 absorbed
1239 4490 1283 4540 the
1297 4503 1337 4537 co·

185 4582 272 4646 Syriae
293 4581 339 4630 has
360 4580 389 4641 it,
408 4579 456 4629 but
471 4594 539 4628 soma
555 4578 637 4641 copias
652 4576 682 4625 of
694 4576 737 4623 the
786 4575 862 4640 puia;
879 4572 1009 4638 preserved
1021 4573 1047 4623 in
1058 4574 1102 4622 tha
1112 4572 1164 4623 Aa.
1177 4588 1250 4638 copy.

1125 4661 1237 4726 24-2
