<?xml version="1.0" encoding="UTF-8"?>
<!DOCTYPE html PUBLIC "-//W3C//DTD XHTML 1.0 Transitional//EN"
    "http://www.w3.org/TR/xhtml1/DTD/xhtml1-transitional.dtd">
<html xmlns="http://www.w3.org/1999/xhtml" xml:lang="en" lang="en">
 <head>
  <title>
</title>
<meta http-equiv="Content-Type" content="text/html;charset=utf-8" />
  <meta name='ocr-system' content='tesseract 3.04.00' />
  <meta name='ocr-capabilities' content='ocr_page ocr_carea ocr_par ocr_line ocrx_word'/>
</head>
<body>
  <div class='ocr_page' id='page_1' title='image "./sanctiirenaeiep00harvgoog_0040.png"; bbox 0 0 3000 4994; ppageno 0'>
   <div class='ocr_carea' id='block_1_1' title="bbox 507 344 1266 413">
    <p class='ocr_par' dir='ltr' id='par_1_1' title="bbox 507 344 1266 413">
     <span class='ocr_line' id='line_1_1' title="bbox 507 344 1266 413; baseline 0 -1"><span class='ocrx_word' id='word_1_1' title='bbox 507 359 697 413; x_wconf 78' lang='lat' dir='ltr'>nnvncnus</span> <span class='ocrx_word' id='word_1_2' title='bbox 721 360 865 413; x_wconf 74' lang='lat' dir='ltr'>narina.</span> <span class='ocrx_word' id='word_1_3' title='bbox 1224 344 1266 412; x_wconf 82' lang='lat'>29</span> 
     </span>
    </p>
   </div>
   <div class='ocr_carea' id='block_1_2' title="bbox 113 510 1407 598">
    <p class='ocr_par' dir='ltr' id='par_1_2' title="bbox 113 510 1407 598">
     <span class='ocr_line' id='line_1_2' title="bbox 113 510 1407 598; baseline -0.005 -21"><span class='ocrx_word' id='word_1_4' title='bbox 113 510 276 578; x_wconf 72' lang='lat' dir='ltr'><strong>habitabat</strong></span> <span class='ocrx_word' id='word_1_5' title='bbox 293 513 326 576; x_wconf 94' lang='lat' dir='ltr'>in</span> <span class='ocrx_word' id='word_1_6' title='bbox 343 512 443 577; x_wconf 88' lang='lat' dir='ltr'>nobis.</span> <span class='ocrx_word' id='word_1_7' title='bbox 489 511 561 576; x_wconf 92' lang='lat' dir='ltr'>Non</span> <span class='ocrx_word' id='word_1_8' title='bbox 580 511 663 577; x_wconf 89' lang='lat' dir='ltr'>enim</span> <span class='ocrx_word' id='word_1_9' title='bbox 677 511 825 576; x_wconf 85' lang='lat' dir='ltr'>adversus</span> <span class='ocrx_word' id='word_1_10' title='bbox 845 533 916 575; x_wconf 91' lang='lat' dir='ltr'>eum</span> <span class='ocrx_word' id='word_1_11' title='bbox 936 510 988 598; x_wconf 95' lang='lat' dir='ltr'>qui</span> <span class='ocrx_word' id='word_1_12' title='bbox 1008 532 1043 576; x_wconf 90' lang='lat' dir='ltr'>se</span> <span class='ocrx_word' id='word_1_13' title='bbox 1057 510 1215 598; x_wconf 80' lang='lat' dir='ltr'>alligabat,</span> <span class='ocrx_word' id='word_1_14' title='bbox 1233 518 1267 575; x_wconf 92' lang='lat' dir='ltr'>et</span> <span class='ocrx_word' id='word_1_15' title='bbox 1302 530 1355 570; x_wconf 83' lang='lat' dir='ltr'>mn</span> <span class='ocrx_word' id='word_1_16' title='bbox 1368 531 1407 571; x_wconf 85' lang='lat' dir='ltr'>m.</span> 
     </span>
    </p>
   </div>
   <div class='ocr_carea' id='block_1_3' title="bbox 1318 579 1387 616">
    <p class='ocr_par' dir='ltr' id='par_1_3' title="bbox 1318 579 1387 616">
     <span class='ocr_line' id='line_1_3' title="bbox 1318 579 1387 616; baseline 0.029 -2"><span class='ocrx_word' id='word_1_17' title='bbox 1318 579 1360 616; x_wconf 79' lang='lat' dir='ltr'>viil.</span> <span class='ocrx_word' id='word_1_18' title='bbox 1370 579 1387 616; x_wconf 80' lang='lat'>2.</span> 
     </span>
    </p>
   </div>
   <div class='ocr_carea' id='block_1_4' title="bbox 12 608 1426 709">
    <p class='ocr_par' dir='ltr' id='par_1_4' title="bbox 12 608 1426 709">
     <span class='ocr_line' id='line_1_4' title="bbox 12 608 1426 709; baseline 0.006 -32"><span class='ocrx_word' id='word_1_19' title='bbox 12 631 38 671; x_wconf 82' lang='lat' dir='ltr'>u.</span> <span class='ocrx_word' id='word_1_20' title='bbox 46 631 93 671; x_wconf 73' lang='lat'>21²·</span> <span class='ocrx_word' id='word_1_21' title='bbox 114 616 240 681; x_wconf 90' lang='lat' dir='ltr'>domum</span> <span class='ocrx_word' id='word_1_22' title='bbox 259 619 328 703; x_wconf 86' lang='lat' dir='ltr'>ejus</span> <span class='ocrx_word' id='word_1_23' title='bbox 347 615 520 703; x_wconf 82' lang='lat' dir='ltr'>diripiebat,</span> <span class='ocrx_word' id='word_1_24' title='bbox 545 617 634 682; x_wconf 85' lang='lat' dir='ltr'>fortis</span> <span class='ocrx_word' id='word_1_25' title='bbox 654 625 736 690; x_wconf 89' lang='lat' dir='ltr'>crat;</span> <span class='ocrx_word' id='word_1_26' title='bbox 761 615 817 679; x_wconf 87' lang='lat' dir='ltr'>sed</span> <span class='ocrx_word' id='word_1_27' title='bbox 837 608 986 681; x_wconf 83' lang='lat' dir='ltr'>adversus</span> <span class='ocrx_word' id='word_1_28' title='bbox 1008 615 1134 704; x_wconf 90' lang='lat' dir='ltr'>eosqui</span> <span class='ocrx_word' id='word_1_29' title='bbox 1154 616 1187 680; x_wconf 93' lang='lat' dir='ltr'>in</span> <span class='ocrx_word' id='word_1_30' title='bbox 1208 637 1265 680; x_wconf 77' lang='lat' dir='ltr'>nasu</span> <span class='ocrx_word' id='word_1_31' title='bbox 1280 623 1426 709; x_wconf 55' lang='lat' dir='ltr'>‘fflffib</span> 
     </span>
    </p>
   </div>
   <div class='ocr_carea' id='block_1_5' title="bbox 112 713 1431 3086">
    <p class='ocr_par' dir='ltr' id='par_1_5' title="bbox 112 713 1431 1822">
     <span class='ocr_line' id='line_1_5' title="bbox 112 713 1430 806; baseline -0.002 -22"><span class='ocrx_word' id='word_1_32' title='bbox 112 720 181 806; x_wconf 89' lang='lat' dir='ltr'>ejus</span> <span class='ocrx_word' id='word_1_33' title='bbox 199 730 289 786; x_wconf 89' lang='lat' dir='ltr'>erant</span> <span class='ocrx_word' id='word_1_34' title='bbox 307 720 457 798; x_wconf 88' lang='lat' dir='ltr'>homines,</span> <span class='ocrx_word' id='word_1_35' title='bbox 478 719 622 806; x_wconf 85' lang='lat' dir='ltr'>quoniam</span> <span class='ocrx_word' id='word_1_36' title='bbox 638 719 805 784; x_wconf 85' lang='lat' dir='ltr'>abscedere</span> <span class='ocrx_word' id='word_1_37' title='bbox 822 720 937 785; x_wconf 84' lang='lat' dir='ltr'>lecerat</span> <span class='ocrx_word' id='word_1_38' title='bbox 953 713 1140 785; x_wconf 81' lang='lat' dir='ltr'>sententiam</span> <span class='ocrx_word' id='word_1_39' title='bbox 1160 739 1267 783; x_wconf 89' lang='lat' dir='ltr'>eorum</span> <span class='ocrx_word' id='word_1_40' title='bbox 1279 715 1430 798; x_wconf 44' lang='grc' dir='ltr'>,ω’-ὶ-</span> 
     </span>
     <span class='ocr_line' id='line_1_6' title="bbox 112 823 1265 912; baseline -0.001 -23"><span class='ocrx_word' id='word_1_41' title='bbox 112 847 133 889; x_wconf 92' lang='lat' dir='ltr'>a</span> <span class='ocrx_word' id='word_1_42' title='bbox 153 825 233 900; x_wconf 89' lang='lat' dir='ltr'>Deo,</span> <span class='ocrx_word' id='word_1_43' title='bbox 252 847 330 912; x_wconf 92' lang='lat' dir='ltr'>quos</span> <span class='ocrx_word' id='word_1_44' title='bbox 348 824 462 910; x_wconf 86' lang='lat' dir='ltr'>eripuit</span> <span class='ocrx_word' id='word_1_45' title='bbox 483 824 655 909; x_wconf 79' lang='lat' dir='ltr'>Dominus.¹</span> <span class='ocrx_word' id='word_1_46' title='bbox 686 823 954 906; x_wconf 72' lang='lat' dir='ltr'><strong>Quemadmodum</strong></span> <span class='ocrx_word' id='word_1_47' title='bbox 973 834 1005 889; x_wconf 90' lang='lat' dir='ltr'>et</span> <span class='ocrx_word' id='word_1_48' title='bbox 1026 824 1183 889; x_wconf 86' lang='lat' dir='ltr'>Jeremias</span> <span class='ocrx_word' id='word_1_49' title='bbox 1202 823 1265 897; x_wconf 81' lang='lat' dir='ltr'>ait3</span> 
     </span>
     <span class='ocr_line' id='line_1_7' title="bbox 113 925 1431 1013; baseline -0.002 -20"><span class='ocrx_word' id='word_1_50' title='bbox 113 928 255 993; x_wconf 73' lang='lat' dir='ltr'>Redemit</span> <span class='ocrx_word' id='word_1_51' title='bbox 270 929 421 992; x_wconf 78' lang='lat' dir='ltr'>Dominus</span> <span class='ocrx_word' id='word_1_52' title='bbox 434 925 541 1005; x_wconf 79' lang='lat' dir='ltr'>Jacob,</span> <span class='ocrx_word' id='word_1_53' title='bbox 557 937 585 993; x_wconf 83' lang='lat' dir='ltr'>et</span> <span class='ocrx_word' id='word_1_54' title='bbox 600 927 715 1012; x_wconf 70' lang='lat' dir='ltr'>arrpuit</span> <span class='ocrx_word' id='word_1_55' title='bbox 729 948 796 991; x_wconf 83' lang='lat' dir='ltr'>aum</span> <span class='ocrx_word' id='word_1_56' title='bbox 810 927 848 990; x_wconf 79' lang='lat' dir='ltr'>cle</span> <span class='ocrx_word' id='word_1_57' title='bbox 862 929 1110 1013; x_wconf 73' lang='lat' dir='ltr'>manufortiom‘a</span> <span class='ocrx_word' id='word_1_58' title='bbox 1123 927 1194 1013; x_wconf 65' lang='lat' dir='ltr'>q‘ac</span> <span class='ocrx_word' id='word_1_59' title='bbox 1234 927 1268 992; x_wconf 88' lang='lat' dir='ltr'>si</span> <span class='ocrx_word' id='word_1_60' title='bbox 1281 953 1431 1008; x_wconf 65' lang='lat' dir='ltr'>samam.</span> 
     </span>
     <span class='ocr_line' id='line_1_8' title="bbox 113 1030 1269 1120; baseline 0 -25"><span class='ocrx_word' id='word_1_61' title='bbox 113 1031 210 1119; x_wconf 84' lang='lat' dir='ltr'>igitur</span> <span class='ocrx_word' id='word_1_62' title='bbox 229 1054 291 1096; x_wconf 89' lang='lat' dir='ltr'>non</span> <span class='ocrx_word' id='word_1_63' title='bbox 310 1031 517 1118; x_wconf 80' lang='lat' dir='ltr'>significasset</span> <span class='ocrx_word' id='word_1_64' title='bbox 537 1053 608 1096; x_wconf 90' lang='lat' dir='ltr'>eum</span> <span class='ocrx_word' id='word_1_65' title='bbox 628 1031 680 1117; x_wconf 94' lang='lat' dir='ltr'>qui</span> <span class='ocrx_word' id='word_1_66' title='bbox 701 1030 818 1118; x_wconf 87' lang='lat' dir='ltr'>alligat,</span> <span class='ocrx_word' id='word_1_67' title='bbox 838 1040 871 1096; x_wconf 88' lang='lat' dir='ltr'>et</span> <span class='ocrx_word' id='word_1_68' title='bbox 891 1031 996 1118; x_wconf 83' lang='lat' dir='ltr'>diripit</span> <span class='ocrx_word' id='word_1_69' title='bbox 1017 1035 1085 1120; x_wconf 89' lang='lat' dir='ltr'>ejus</span> <span class='ocrx_word' id='word_1_70' title='bbox 1105 1053 1188 1107; x_wconf 85' lang='lat' dir='ltr'>vasa,</span> <span class='ocrx_word' id='word_1_71' title='bbox 1209 1032 1269 1096; x_wconf 91' lang='lat' dir='ltr'>hoc</span> 
     </span>
     <span class='ocr_line' id='line_1_9' title="bbox 113 1135 1269 1214; baseline 0.002 -14"><span class='ocrx_word' id='word_1_72' title='bbox 113 1146 219 1201; x_wconf 92' lang='lat' dir='ltr'>autem</span> <span class='ocrx_word' id='word_1_73' title='bbox 242 1135 341 1200; x_wconf 90' lang='lat' dir='ltr'>solum</span> <span class='ocrx_word' id='word_1_74' title='bbox 366 1157 435 1199; x_wconf 90' lang='lat' dir='ltr'>eum</span> <span class='ocrx_word' id='word_1_75' title='bbox 459 1135 570 1200; x_wconf 83' lang='lat' dir='ltr'>sortem</span> <span class='ocrx_word' id='word_1_76' title='bbox 593 1135 733 1214; x_wconf 82' lang='lat' dir='ltr'>dixisset,</span> <span class='ocrx_word' id='word_1_77' title='bbox 757 1144 840 1200; x_wconf 87' lang='lat' dir='ltr'>esset</span> <span class='ocrx_word' id='word_1_78' title='bbox 863 1136 952 1201; x_wconf 85' lang='lat' dir='ltr'>fortis</span> <span class='ocrx_word' id='word_1_79' title='bbox 973 1136 1115 1202; x_wconf 87' lang='lat' dir='ltr'>invictus.</span> <span class='ocrx_word' id='word_1_80' title='bbox 1149 1137 1269 1202; x_wconf 88' lang='lat' dir='ltr'>Sedet</span> 
     </span>
     <span class='ocr_line' id='line_1_10' title="bbox 114 1238 1268 1328; baseline -0.001 -23"><span class='ocrx_word' id='word_1_81' title='bbox 114 1241 230 1328; x_wconf 82' lang='lat' dir='ltr'>adjecit</span> <span class='ocrx_word' id='word_1_82' title='bbox 254 1239 476 1314; x_wconf 78' lang='lat' dir='ltr'>¹obtinentem3</span> <span class='ocrx_word' id='word_1_83' title='bbox 504 1247 591 1304; x_wconf 88' lang='lat' dir='ltr'>tenet</span> <span class='ocrx_word' id='word_1_84' title='bbox 616 1238 698 1304; x_wconf 92' lang='lat' dir='ltr'>enim</span> <span class='ocrx_word' id='word_1_85' title='bbox 724 1239 777 1326; x_wconf 90' lang='lat' dir='ltr'>qui</span> <span class='ocrx_word' id='word_1_86' title='bbox 803 1239 920 1327; x_wconf 86' lang='lat' dir='ltr'>alligat,</span> <span class='ocrx_word' id='word_1_87' title='bbox 943 1248 1067 1306; x_wconf 88' lang='lat' dir='ltr'>tenetur</span> <span class='ocrx_word' id='word_1_88' title='bbox 1087 1251 1193 1306; x_wconf 86' lang='lat' dir='ltr'>autem</span> <span class='ocrx_word' id='word_1_89' title='bbox 1215 1240 1268 1327; x_wconf 93' lang='lat' dir='ltr'>qui</span> 
     </span>
     <span class='ocr_line' id='line_1_11' title="bbox 113 1340 1269 1431; baseline -0.001 -23"><span class='ocrx_word' id='word_1_90' title='bbox 113 1344 259 1431; x_wconf 87' lang='lat' dir='ltr'>alligatus</span> <span class='ocrx_word' id='word_1_91' title='bbox 280 1352 339 1408; x_wconf 86' lang='lat' dir='ltr'>est.</span> <span class='ocrx_word' id='word_1_92' title='bbox 384 1340 429 1406; x_wconf 87' lang='lat' dir='ltr'>Et</span> <span class='ocrx_word' id='word_1_93' title='bbox 441 1340 500 1406; x_wconf 92' lang='lat' dir='ltr'>boc</span> <span class='ocrx_word' id='word_1_94' title='bbox 521 1341 588 1406; x_wconf 90' lang='lat' dir='ltr'>sine</span> <span class='ocrx_word' id='word_1_95' title='bbox 602 1341 833 1426; x_wconf 88' lang='lat' dir='ltr'>comparatione</span> <span class='ocrx_word' id='word_1_96' title='bbox 848 1342 932 1420; x_wconf 87' lang='lat' dir='ltr'>lecit,</span> <span class='ocrx_word' id='word_1_97' title='bbox 947 1350 1057 1408; x_wconf 90' lang='lat' dir='ltr'>utnon</span> <span class='ocrx_word' id='word_1_98' title='bbox 1072 1351 1269 1429; x_wconf 82' lang='lat' dir='ltr'>comparetur</span> 
     </span>
     <span class='ocr_line' id='line_1_12' title="bbox 115 1445 1268 1530; baseline 0.002 -20"><span class='ocrx_word' id='word_1_99' title='bbox 115 1446 250 1512; x_wconf 89' lang='lat' dir='ltr'>Domino</span> <span class='ocrx_word' id='word_1_100' title='bbox 265 1467 371 1511; x_wconf 87' lang='lat' dir='ltr'>servus</span> <span class='ocrx_word' id='word_1_101' title='bbox 385 1453 530 1530; x_wconf 85' lang='lat' dir='ltr'>apostata</span> <span class='ocrx_word' id='word_1_102' title='bbox 548 1445 720 1510; x_wconf 78' lang='lat' dir='ltr'>exsistens:</span> <span class='ocrx_word' id='word_1_103' title='bbox 745 1467 807 1510; x_wconf 92' lang='lat' dir='ltr'>non</span> <span class='ocrx_word' id='word_1_104' title='bbox 827 1446 910 1511; x_wconf 90' lang='lat' dir='ltr'>enim</span> <span class='ocrx_word' id='word_1_105' title='bbox 926 1454 1048 1512; x_wconf 86' lang='lat' dir='ltr'>tantum</span> <span class='ocrx_word' id='word_1_106' title='bbox 1063 1446 1124 1526; x_wconf 95' lang='lat' dir='ltr'>hic,</span> <span class='ocrx_word' id='word_1_107' title='bbox 1140 1448 1195 1511; x_wconf 89' lang='lat' dir='ltr'>sed</span> <span class='ocrx_word' id='word_1_108' title='bbox 1210 1469 1268 1512; x_wconf 91' lang='lat' dir='ltr'>nec</span> 
     </span>
     <span class='ocr_line' id='line_1_13' title="bbox 114 1548 1266 1637; baseline 0.002 -23"><span class='ocrx_word' id='word_1_109' title='bbox 114 1550 282 1637; x_wconf 90' lang='lat' dir='ltr'>quidquam</span> <span class='ocrx_word' id='word_1_110' title='bbox 308 1572 348 1615; x_wconf 85' lang='lat' dir='ltr'>ex</span> <span class='ocrx_word' id='word_1_111' title='bbox 374 1549 423 1614; x_wconf 88' lang='lat' dir='ltr'>his</span> <span class='ocrx_word' id='word_1_112' title='bbox 452 1570 522 1635; x_wconf 86' lang='lat' dir='ltr'>quae</span> <span class='ocrx_word' id='word_1_113' title='bbox 548 1548 719 1614; x_wconf 85' lang='lat' dir='ltr'>constituta</span> <span class='ocrx_word' id='word_1_114' title='bbox 743 1557 827 1630; x_wconf 89' lang='lat' dir='ltr'>sunt,</span> <span class='ocrx_word' id='word_1_115' title='bbox 852 1559 885 1615; x_wconf 88' lang='lat' dir='ltr'>et</span> <span class='ocrx_word' id='word_1_116' title='bbox 908 1550 941 1615; x_wconf 92' lang='lat' dir='ltr'>in</span> <span class='ocrx_word' id='word_1_117' title='bbox 962 1551 1154 1637; x_wconf 90' lang='lat' dir='ltr'>subjectione</span> <span class='ocrx_word' id='word_1_118' title='bbox 1182 1561 1266 1630; x_wconf 85' lang='lat' dir='ltr'>sunt,</span> 
     </span>
     <span class='ocr_line' id='line_1_14' title="bbox 114 1651 1268 1741; baseline 0.001 -22"><span class='ocrx_word' id='word_1_119' title='bbox 114 1654 344 1739; x_wconf 79' lang='lat' dir='ltr'>comparabitur</span> <span class='ocrx_word' id='word_1_120' title='bbox 371 1653 478 1716; x_wconf 90' lang='lat' dir='ltr'>Verbo</span> <span class='ocrx_word' id='word_1_121' title='bbox 502 1651 572 1730; x_wconf 92' lang='lat' dir='ltr'>Dei,</span> <span class='ocrx_word' id='word_1_122' title='bbox 596 1674 652 1737; x_wconf 89' lang='lat' dir='ltr'>per</span> <span class='ocrx_word' id='word_1_123' title='bbox 680 1675 773 1739; x_wconf 90' lang='lat' dir='ltr'>quem</span> <span class='ocrx_word' id='word_1_124' title='bbox 797 1653 976 1720; x_wconf 82' lang='lat' dir='ltr'>factasunt</span> <span class='ocrx_word' id='word_1_125' title='bbox 1002 1655 1116 1734; x_wconf 91' lang='lat' dir='ltr'>omnia,</span> <span class='ocrx_word' id='word_1_126' title='bbox 1141 1655 1193 1741; x_wconf 93' lang='lat' dir='ltr'>qui</span> <span class='ocrx_word' id='word_1_127' title='bbox 1219 1663 1268 1720; x_wconf 85' lang='lat' dir='ltr'>est</span> 
     </span>
     <span class='ocr_line' id='line_1_15' title="bbox 115 1755 669 1822; baseline 0 -1"><span class='ocrx_word' id='word_1_128' title='bbox 115 1757 270 1822; x_wconf 90' lang='lat' dir='ltr'>Dominus</span> <span class='ocrx_word' id='word_1_129' title='bbox 284 1765 390 1821; x_wconf 90' lang='lat' dir='ltr'>noster</span> <span class='ocrx_word' id='word_1_130' title='bbox 403 1755 428 1819; x_wconf 86' lang='lat' dir='ltr'><strong>J</strong></span> <span class='ocrx_word' id='word_1_131' title='bbox 429 1778 501 1821; x_wconf 87' lang='lat' dir='ltr'>esus</span> <span class='ocrx_word' id='word_1_132' title='bbox 516 1755 669 1821; x_wconf 78' lang='lat' dir='ltr'>Christus.</span> 
     </span>
    </p>

    <p class='ocr_par' dir='ltr' id='par_1_6' title="bbox 113 1860 1426 3086">
     <span class='ocr_line' id='line_1_16' title="bbox 180 1860 1268 1948; baseline -0.001 -21"><span class='ocrx_word' id='word_1_133' title='bbox 180 1865 211 1927; x_wconf 84' lang='lat'>3.</span> <span class='ocrx_word' id='word_1_134' title='bbox 257 1860 410 1943; x_wconf 81' lang='lat' dir='ltr'>Quoniam</span> <span class='ocrx_word' id='word_1_135' title='bbox 425 1860 508 1924; x_wconf 90' lang='lat' dir='ltr'>enirn</span> <span class='ocrx_word' id='word_1_136' title='bbox 522 1860 603 1925; x_wconf 83' lang='lat' dir='ltr'>²sive</span> <span class='ocrx_word' id='word_1_137' title='bbox 618 1860 745 1948; x_wconf 86' lang='lat' dir='ltr'>Angeli,</span> <span class='ocrx_word' id='word_1_138' title='bbox 763 1862 827 1928; x_wconf 86' lang='lat' dir='ltr'>sive</span> <span class='ocrx_word' id='word_1_139' title='bbox 843 1862 1043 1947; x_wconf 85' lang='lat' dir='ltr'>Archangeli,</span> <span class='ocrx_word' id='word_1_140' title='bbox 1059 1862 1123 1929; x_wconf 85' lang='lat' dir='ltr'>sive</span> <span class='ocrx_word' id='word_1_141' title='bbox 1138 1863 1268 1942; x_wconf 87' lang='lat' dir='ltr'>Throni,</span> 
     </span>
     <span class='ocr_line' id='line_1_17' title="bbox 114 1963 1269 2049; baseline 0.002 -19"><span class='ocrx_word' id='word_1_142' title='bbox 114 1966 179 2030; x_wconf 90' lang='lat' dir='ltr'>sive</span> <span class='ocrx_word' id='word_1_143' title='bbox 189 1963 436 2040; x_wconf 87' lang='lat' dir='ltr'>Domiuationes,</span> <span class='ocrx_word' id='word_1_144' title='bbox 455 1964 495 2028; x_wconf 92' lang='lat' dir='ltr'>ab</span> <span class='ocrx_word' id='word_1_145' title='bbox 510 1985 548 2028; x_wconf 89' lang='lat' dir='ltr'>co</span> <span class='ocrx_word' id='word_1_146' title='bbox 563 1963 614 2049; x_wconf 91' lang='lat' dir='ltr'>qui</span> <span class='ocrx_word' id='word_1_147' title='bbox 630 1984 723 2049; x_wconf 91' lang='lat' dir='ltr'>super</span> <span class='ocrx_word' id='word_1_148' title='bbox 738 1969 864 2030; x_wconf 81' lang='lat' dir='ltr'>³omnes</span> <span class='ocrx_word' id='word_1_149' title='bbox 878 1975 926 2031; x_wconf 89' lang='lat' dir='ltr'>est</span> <span class='ocrx_word' id='word_1_150' title='bbox 937 1965 1035 2045; x_wconf 87' lang='lat' dir='ltr'>Deus,</span> <span class='ocrx_word' id='word_1_151' title='bbox 1051 1975 1082 2032; x_wconf 87' lang='lat' dir='ltr'>ct</span> <span class='ocrx_word' id='word_1_152' title='bbox 1097 1968 1269 2033; x_wconf 89' lang='lat' dir='ltr'>constituta</span> 
     </span>
     <span class='ocr_line' id='line_1_18' title="bbox 113 2065 1268 2158; baseline 0.003 -25"><span class='ocrx_word' id='word_1_153' title='bbox 113 2076 198 2146; x_wconf 89' lang='lat' dir='ltr'>sunt,</span> <span class='ocrx_word' id='word_1_154' title='bbox 218 2077 251 2133; x_wconf 89' lang='lat' dir='ltr'>et</span> <span class='ocrx_word' id='word_1_155' title='bbox 265 2068 349 2132; x_wconf 82' lang='lat' dir='ltr'>facta</span> <span class='ocrx_word' id='word_1_156' title='bbox 362 2089 417 2152; x_wconf 89' lang='lat' dir='ltr'>per</span> <span class='ocrx_word' id='word_1_157' title='bbox 433 2065 574 2131; x_wconf 85' lang='lat' dir='ltr'>Verbum</span> <span class='ocrx_word' id='word_1_158' title='bbox 589 2067 666 2152; x_wconf 87' lang='lat' dir='ltr'>ejus,</span> <span class='ocrx_word' id='word_1_159' title='bbox 687 2067 850 2135; x_wconf 74' lang='lat' dir='ltr'>lohannes</span> <span class='ocrx_word' id='word_1_160' title='bbox 865 2069 989 2156; x_wconf 91' lang='lat' dir='ltr'>quidem</span> <span class='ocrx_word' id='word_1_161' title='bbox 1008 2070 1054 2135; x_wconf 88' lang='lat' dir='ltr'>sic</span> <span class='ocrx_word' id='word_1_162' title='bbox 1071 2069 1268 2158; x_wconf 81' lang='lat' dir='ltr'>significavit.</span> 
     </span>
     <span class='ocr_line' id='line_1_19' title="bbox 115 2169 1266 2261; baseline 0.001 -24"><span class='ocrx_word' id='word_1_163' title='bbox 115 2172 195 2238; x_wconf 80' lang='lat' dir='ltr'>Oum</span> <span class='ocrx_word' id='word_1_164' title='bbox 210 2171 293 2236; x_wconf 91' lang='lat' dir='ltr'>enim</span> <span class='ocrx_word' id='word_1_165' title='bbox 308 2170 438 2235; x_wconf 83' lang='lat' dir='ltr'>dixisset</span> <span class='ocrx_word' id='word_1_166' title='bbox 452 2169 491 2234; x_wconf 89' lang='lat' dir='ltr'>de</span> <span class='ocrx_word' id='word_1_167' title='bbox 508 2169 615 2234; x_wconf 90' lang='lat' dir='ltr'>Verbo</span> <span class='ocrx_word' id='word_1_168' title='bbox 632 2170 703 2248; x_wconf 89' lang='lat' dir='ltr'>Dei,</span> <span class='ocrx_word' id='word_1_169' title='bbox 719 2172 864 2258; x_wconf 89' lang='lat' dir='ltr'>quoniam</span> <span class='ocrx_word' id='word_1_170' title='bbox 879 2181 947 2239; x_wconf 86' lang='lat' dir='ltr'>erat</span> <span class='ocrx_word' id='word_1_171' title='bbox 961 2173 993 2237; x_wconf 92' lang='lat' dir='ltr'>in</span> <span class='ocrx_word' id='word_1_172' title='bbox 1010 2173 1117 2252; x_wconf 87' lang='lat' dir='ltr'>Patre,</span> <span class='ocrx_word' id='word_1_173' title='bbox 1132 2174 1266 2261; x_wconf 87' lang='lat' dir='ltr'>adjecit:</span> 
     </span>
     <span class='ocr_line' id='line_1_20' title="bbox 117 2275 1378 2361; baseline -0.001 -21"><span class='ocrx_word' id='word_1_174' title='bbox 117 2276 230 2340; x_wconf 81' lang='lat' dir='ltr'>Omnia</span> <span class='ocrx_word' id='word_1_175' title='bbox 249 2297 312 2360; x_wconf 81' lang='lat' dir='ltr'>per</span> <span class='ocrx_word' id='word_1_176' title='bbox 332 2295 400 2338; x_wconf 77' lang='lat' dir='ltr'>eum</span> <span class='ocrx_word' id='word_1_177' title='bbox 416 2275 511 2359; x_wconf 81' lang='lat' dir='ltr'>sacta</span> <span class='ocrx_word' id='word_1_178' title='bbox 532 2283 613 2352; x_wconf 78' lang='lat' dir='ltr'>sunt,</span> <span class='ocrx_word' id='word_1_179' title='bbox 640 2283 668 2338; x_wconf 83' lang='lat' dir='ltr'>et</span> <span class='ocrx_word' id='word_1_180' title='bbox 687 2276 752 2340; x_wconf 82' lang='lat' dir='ltr'>siae</span> <span class='ocrx_word' id='word_1_181' title='bbox 773 2299 805 2340; x_wconf 83' lang='lat' dir='ltr'>eo</span> <span class='ocrx_word' id='word_1_182' title='bbox 816 2278 941 2361; x_wconf 78' lang='lat' dir='ltr'>factam</span> <span class='ocrx_word' id='word_1_183' title='bbox 963 2288 1005 2342; x_wconf 80' lang='lat' dir='ltr'>cst</span> <span class='ocrx_word' id='word_1_184' title='bbox 1026 2278 1116 2343; x_wconf 61' lang='lat' dir='ltr'>aaliz.</span> <span class='ocrx_word' id='word_1_185' title='bbox 1166 2277 1267 2343; x_wconf 90' lang='lat' dir='ltr'>David</span> <span class='ocrx_word' id='word_1_186' title='bbox 1280 2301 1378 2341; x_wconf 67' lang='lat' dir='ltr'>Jonas</span> 
     </span>
     <span class='ocr_line' id='line_1_21' title="bbox 114 2376 1269 2469; baseline 0.005 -27"><span class='ocrx_word' id='word_1_187' title='bbox 114 2400 237 2466; x_wconf 89' lang='lat' dir='ltr'>quoque</span> <span class='ocrx_word' id='word_1_188' title='bbox 260 2400 331 2444; x_wconf 91' lang='lat' dir='ltr'>cum</span> <span class='ocrx_word' id='word_1_189' title='bbox 357 2376 550 2441; x_wconf 88' lang='lat' dir='ltr'>laudationes</span> <span class='ocrx_word' id='word_1_190' title='bbox 571 2389 793 2458; x_wconf 83' lang='lat' dir='ltr'>enumerasset,</span> <span class='ocrx_word' id='word_1_191' title='bbox 817 2381 998 2446; x_wconf 86' lang='lat' dir='ltr'>nominatim</span> <span class='ocrx_word' id='word_1_192' title='bbox 1021 2383 1163 2447; x_wconf 88' lang='lat' dir='ltr'>universa</span> <span class='ocrx_word' id='word_1_193' title='bbox 1185 2404 1269 2469; x_wconf 85' lang='lat' dir='ltr'>quae-</span> 
     </span>
     <span class='ocr_line' id='line_1_22' title="bbox 115 2479 1418 2593; baseline 0 -47"><span class='ocrx_word' id='word_1_194' title='bbox 115 2503 236 2569; x_wconf 93' lang='lat' dir='ltr'>cunque</span> <span class='ocrx_word' id='word_1_195' title='bbox 254 2481 399 2559; x_wconf 84' lang='lat' dir='ltr'>diximus,</span> <span class='ocrx_word' id='word_1_196' title='bbox 421 2488 454 2545; x_wconf 85' lang='lat' dir='ltr'>et</span> <span class='ocrx_word' id='word_1_197' title='bbox 469 2479 564 2544; x_wconf 86' lang='lat' dir='ltr'>coelos</span> <span class='ocrx_word' id='word_1_198' title='bbox 580 2489 613 2545; x_wconf 88' lang='lat' dir='ltr'>et</span> <span class='ocrx_word' id='word_1_199' title='bbox 627 2503 736 2546; x_wconf 87' lang='lat' dir='ltr'>omnes</span> <span class='ocrx_word' id='word_1_200' title='bbox 749 2483 880 2548; x_wconf 84' lang='lat' dir='ltr'>virtutes</span> <span class='ocrx_word' id='word_1_201' title='bbox 899 2506 1015 2562; x_wconf 91' lang='lat' dir='ltr'>eorum,</span> <span class='ocrx_word' id='word_1_202' title='bbox 1032 2485 1164 2572; x_wconf 85' lang='lat' dir='ltr'>adjecit:</span> <span class='ocrx_word' id='word_1_203' title='bbox 1192 2485 1269 2564; x_wconf 73' lang='lat' dir='ltr'>Quo</span> <span class='ocrx_word' id='word_1_204' title='bbox 1283 2507 1418 2593; x_wconf 51' lang='lat' dir='ltr'>parppppp</span> 
     </span>
     <span class='ocr_line' id='line_1_23' title="bbox 114 2566 1357 2673; baseline 0.003 -24"><span class='ocrx_word' id='word_1_205' title='bbox 114 2587 202 2650; x_wconf 79' lang='lat' dir='ltr'>aiam</span> <span class='ocrx_word' id='word_1_206' title='bbox 216 2585 281 2670; x_wconf 79' lang='lat' dir='ltr'>ipsc</span> <span class='ocrx_word' id='word_1_207' title='bbox 290 2585 452 2670; x_wconf 74' lang='lat' dir='ltr'>pracepit,</span> <span class='ocrx_word' id='word_1_208' title='bbox 469 2593 615 2649; x_wconf 74' lang='lat' dir='ltr'>stercuto</span> <span class='ocrx_word' id='word_1_209' title='bbox 628 2594 717 2649; x_wconf 75' lang='lat' dir='ltr'>aaut:</span> <span class='ocrx_word' id='word_1_210' title='bbox 741 2587 806 2672; x_wconf 83' lang='lat' dir='ltr'>ipse</span> <span class='ocrx_word' id='word_1_211' title='bbox 819 2587 911 2664; x_wconf 75' lang='lat' dir='ltr'>dicit,</span> <span class='ocrx_word' id='word_1_212' title='bbox 926 2598 954 2652; x_wconf 82' lang='lat' dir='ltr'>et</span> <span class='ocrx_word' id='word_1_213' title='bbox 964 2590 1058 2673; x_wconf 81' lang='lat' dir='ltr'>facta</span> <span class='ocrx_word' id='word_1_214' title='bbox 1073 2598 1152 2654; x_wconf 80' lang='lat' dir='ltr'>scat.</span> <span class='ocrx_word' id='word_1_215' title='bbox 1195 2589 1270 2655; x_wconf 82' lang='lat' dir='ltr'>⁴Oui</span> <span class='ocrx_word' id='word_1_216' title='bbox 1312 2566 1357 2594; x_wconf 56' lang='grc' dir='ltr'>ω</span> 
     </span>
     <span class='ocr_line' id='line_1_24' title="bbox 115 2686 1426 2776; baseline 0.001 -22"><span class='ocrx_word' id='word_1_217' title='bbox 115 2710 190 2776; x_wconf 85' lang='lat' dir='ltr'>ergo</span> <span class='ocrx_word' id='word_1_218' title='bbox 205 2687 373 2774; x_wconf 81' lang='lat' dir='ltr'>praecepitl</span> <span class='ocrx_word' id='word_1_219' title='bbox 399 2686 505 2751; x_wconf 92' lang='lat' dir='ltr'>Verbo</span> <span class='ocrx_word' id='word_1_220' title='bbox 520 2686 652 2752; x_wconf 86' lang='lat' dir='ltr'>scilicet:</span> <span class='ocrx_word' id='word_1_221' title='bbox 670 2710 733 2773; x_wconf 79' lang='lat' dir='ltr'>per</span> <span class='ocrx_word' id='word_1_222' title='bbox 747 2689 836 2774; x_wconf 81' lang='lat' dir='ltr'>quod,</span> <span class='ocrx_word' id='word_1_223' title='bbox 852 2689 962 2776; x_wconf 89' lang='lat' dir='ltr'>inquit,</span> <span class='ocrx_word' id='word_1_224' title='bbox 979 2690 1177 2773; x_wconf 79' lang='lat' dir='ltr'>coelifirmcti</span> <span class='ocrx_word' id='word_1_225' title='bbox 1190 2701 1270 2769; x_wconf 81' lang='lat' dir='ltr'>suat,</span> <span class='ocrx_word' id='word_1_226' title='bbox 1285 2716 1318 2755; x_wconf 67' lang='lat' dir='ltr'>ra</span> <span class='ocrx_word' id='word_1_227' title='bbox 1327 2715 1426 2755; x_wconf 65' lang='lat' dir='ltr'>anxius</span> 
     </span>
     <span class='ocr_line' id='line_1_25' title="bbox 114 2789 1272 2879; baseline 0 -22"><span class='ocrx_word' id='word_1_228' title='bbox 114 2801 143 2858; x_wconf 77' lang='lat' dir='ltr'>ct</span> <span class='ocrx_word' id='word_1_229' title='bbox 168 2791 283 2877; x_wconf 78' lang='lat' dir='ltr'>spiritu</span> <span class='ocrx_word' id='word_1_230' title='bbox 309 2790 372 2855; x_wconf 66' lang='lat' dir='ltr'>aas</span> <span class='ocrx_word' id='word_1_231' title='bbox 396 2789 460 2874; x_wconf 74' lang='lat' dir='ltr'>ejus</span> <span class='ocrx_word' id='word_1_232' title='bbox 485 2789 581 2853; x_wconf 80' lang='lat' dir='ltr'>omnis</span> <span class='ocrx_word' id='word_1_233' title='bbox 608 2790 842 2858; x_wconf 64' lang='lat' dir='ltr'>vinaceorum.</span> <span class='ocrx_word' id='word_1_234' title='bbox 890 2792 1044 2874; x_wconf 80' lang='lat' dir='ltr'>Quoniam</span> <span class='ocrx_word' id='word_1_235' title='bbox 1073 2803 1178 2858; x_wconf 86' lang='lat' dir='ltr'>autem</span> <span class='ocrx_word' id='word_1_236' title='bbox 1205 2793 1272 2879; x_wconf 87' lang='lat' dir='ltr'>ipse</span> 
     </span>
     <span class='ocr_line' id='line_1_26' title="bbox 114 2892 1269 2978; baseline 0.003 -18"><span class='ocrx_word' id='word_1_237' title='bbox 114 2894 221 2961; x_wconf 85' lang='lat' dir='ltr'>omnia</span> <span class='ocrx_word' id='word_1_238' title='bbox 247 2892 321 2959; x_wconf 86' lang='lat' dir='ltr'>fecit</span> <span class='ocrx_word' id='word_1_239' title='bbox 344 2893 449 2972; x_wconf 88' lang='lat' dir='ltr'>libere,</span> <span class='ocrx_word' id='word_1_240' title='bbox 476 2902 509 2958; x_wconf 92' lang='lat' dir='ltr'>et</span> <span class='ocrx_word' id='word_1_241' title='bbox 532 2893 792 2978; x_wconf 89' lang='lat' dir='ltr'>quemadmodum</span> <span class='ocrx_word' id='word_1_242' title='bbox 815 2896 921 2975; x_wconf 87' lang='lat' dir='ltr'>voluit,</span> <span class='ocrx_word' id='word_1_243' title='bbox 945 2896 990 2961; x_wconf 91' lang='lat' dir='ltr'>ait</span> <span class='ocrx_word' id='word_1_244' title='bbox 1012 2895 1124 2962; x_wconf 88' lang='lat' dir='ltr'>iterum</span> <span class='ocrx_word' id='word_1_245' title='bbox 1148 2897 1269 2963; x_wconf 87' lang='lat' dir='ltr'>David:</span> 
     </span>
     <span class='ocr_line' id='line_1_27' title="bbox 114 2994 1410 3086; baseline 0.002 -25"><span class='ocrx_word' id='word_1_246' title='bbox 114 2998 202 3062; x_wconf 81' lang='lat' dir='ltr'>Deua</span> <span class='ocrx_word' id='word_1_247' title='bbox 218 3005 320 3061; x_wconf 80' lang='lat' dir='ltr'>actem</span> <span class='ocrx_word' id='word_1_248' title='bbox 337 3005 436 3060; x_wconf 73' lang='lat' dir='ltr'>maer</span> <span class='ocrx_word' id='word_1_249' title='bbox 451 2995 485 3059; x_wconf 79' lang='lat' dir='ltr'>irs</span> <span class='ocrx_word' id='word_1_250' title='bbox 505 2994 587 3059; x_wconf 79' lang='lat' dir='ltr'>cerlis</span> <span class='ocrx_word' id='word_1_251' title='bbox 603 3017 733 3075; x_wconf 80' lang='lat' dir='ltr'>sursum,</span> <span class='ocrx_word' id='word_1_252' title='bbox 752 3007 780 3061; x_wconf 76' lang='lat' dir='ltr'>et</span> <span class='ocrx_word' id='word_1_253' title='bbox 799 2998 833 3063; x_wconf 81' lang='lat' dir='ltr'>ia</span> <span class='ocrx_word' id='word_1_254' title='bbox 853 3008 948 3077; x_wconf 79' lang='lat' dir='ltr'>terra,</span> <span class='ocrx_word' id='word_1_255' title='bbox 968 3000 1070 3064; x_wconf 81' lang='lat' dir='ltr'>omnia</span> <span class='ocrx_word' id='word_1_256' title='bbox 1089 3022 1273 3086; x_wconf 72' lang='lat' dir='ltr'>quecunque</span> <span class='ocrx_word' id='word_1_257' title='bbox 1286 3025 1410 3066; x_wconf 60' lang='lat' dir='ltr'>esaar.</span> 
     </span>
    </p>
   </div>
   <div class='ocr_carea' id='block_1_6' title="bbox 114 3097 1272 3192">
    <p class='ocr_par' dir='ltr' id='par_1_7' title="bbox 114 3097 1272 3192">
     <span class='ocr_line' id='line_1_28' title="bbox 114 3097 1272 3192; baseline 0.003 -26"><span class='ocrx_word' id='word_1_258' title='bbox 114 3100 221 3178; x_wconf 76' lang='lat' dir='ltr'>coluit,</span> <span class='ocrx_word' id='word_1_259' title='bbox 234 3099 326 3184; x_wconf 80' lang='lat' dir='ltr'>fecit.</span> <span class='ocrx_word' id='word_1_260' title='bbox 354 3097 473 3185; x_wconf 84' lang='lat' dir='ltr'>¹Altera</span> <span class='ocrx_word' id='word_1_261' title='bbox 493 3106 600 3163; x_wconf 89' lang='lat' dir='ltr'>autem</span> <span class='ocrx_word' id='word_1_262' title='bbox 622 3106 696 3162; x_wconf 85' lang='lat' dir='ltr'>sunt</span> <span class='ocrx_word' id='word_1_263' title='bbox 721 3120 790 3184; x_wconf 87' lang='lat' dir='ltr'>quae</span> <span class='ocrx_word' id='word_1_264' title='bbox 812 3102 983 3167; x_wconf 87' lang='lat' dir='ltr'>constituta</span> <span class='ocrx_word' id='word_1_265' title='bbox 1003 3111 1077 3168; x_wconf 90' lang='lat' dir='ltr'>sunt</span> <span class='ocrx_word' id='word_1_266' title='bbox 1098 3105 1138 3169; x_wconf 91' lang='lat' dir='ltr'>ab</span> <span class='ocrx_word' id='word_1_267' title='bbox 1160 3126 1197 3169; x_wconf 93' lang='lat' dir='ltr'>eo</span> <span class='ocrx_word' id='word_1_268' title='bbox 1219 3104 1272 3192; x_wconf 92' lang='lat' dir='ltr'>qui</span> 
     </span>
    </p>
   </div>
   <div class='ocr_carea' id='block_1_7' title="bbox 112 3255 1275 4638">
    <p class='ocr_par' dir='ltr' id='par_1_8' title="bbox 114 3255 1273 3486">
     <span class='ocr_line' id='line_1_29' title="bbox 114 3255 1273 3324; baseline 0.003 -17"><span class='ocrx_word' id='word_1_269' title='bbox 114 3260 168 3308; x_wconf 88' lang='lat' dir='ltr'>tion</span> <span class='ocrx_word' id='word_1_270' title='bbox 180 3257 219 3306; x_wconf 77' lang='lat' dir='ltr'>uel</span> <span class='ocrx_word' id='word_1_271' title='bbox 229 3257 250 3305; x_wconf 91' lang='lat' dir='ltr'>is</span> <span class='ocrx_word' id='word_1_272' title='bbox 261 3257 320 3305; x_wconf 89' lang='lat' dir='ltr'>then</span> <span class='ocrx_word' id='word_1_273' title='bbox 332 3255 465 3304; x_wconf 86' lang='lat' dir='ltr'>couverted</span> <span class='ocrx_word' id='word_1_274' title='bbox 477 3256 530 3304; x_wconf 87' lang='lat' dir='ltr'>into</span> <span class='ocrx_word' id='word_1_275' title='bbox 542 3257 585 3305; x_wconf 85' lang='lat' dir='ltr'>the</span> <span class='ocrx_word' id='word_1_276' title='bbox 592 3256 668 3305; x_wconf 82' lang='lat' dir='ltr'>Lstin</span> <span class='ocrx_word' id='word_1_277' title='bbox 719 3256 779 3304; x_wconf 74' lang='lat' dir='ltr'>dum</span> <span class='ocrx_word' id='word_1_278' title='bbox 790 3258 937 3309; x_wconf 72' lang='lat' dir='ltr'>Hebratccm</span> <span class='ocrx_word' id='word_1_279' title='bbox 948 3261 1060 3323; x_wconf 72' lang='lat' dir='ltr'>linpucm</span> <span class='ocrx_word' id='word_1_280' title='bbox 1070 3261 1212 3324; x_wconf 86' lang='lat' dir='ltr'>adjunctive</span> <span class='ocrx_word' id='word_1_281' title='bbox 1224 3262 1273 3311; x_wconf 90' lang='lat' dir='ltr'>dici</span> 
     </span>
     <span class='ocr_line' id='line_1_30' title="bbox 114 3339 1272 3406; baseline 0.004 -17"><span class='ocrx_word' id='word_1_282' title='bbox 114 3341 218 3405; x_wconf 84' lang='lat' dir='ltr'>particle</span> <span class='ocrx_word' id='word_1_283' title='bbox 229 3339 271 3389; x_wconf 77' lang='lat' dir='ltr'>ccl.</span> <span class='ocrx_word' id='word_1_284' title='bbox 306 3339 347 3387; x_wconf 89' lang='lat' dir='ltr'>He</span> <span class='ocrx_word' id='word_1_285' title='bbox 358 3355 424 3403; x_wconf 88' lang='lat' dir='ltr'>says,</span> <span class='ocrx_word' id='word_1_286' title='bbox 435 3339 526 3388; x_wconf 82' lang='lat' dir='ltr'>Malim</span> <span class='ocrx_word' id='word_1_287' title='bbox 536 3355 591 3400; x_wconf 61' lang='lat' dir='ltr'>capo</span> <span class='ocrx_word' id='word_1_288' title='bbox 600 3340 669 3389; x_wconf 71' lang='lat' dir='ltr'>serbo</span> <span class='ocrx_word' id='word_1_289' title='bbox 720 3339 799 3401; x_wconf 84' lang='lat' dir='ltr'>Mum,</span> <span class='ocrx_word' id='word_1_290' title='bbox 825 3341 980 3404; x_wconf 70' lang='lat' dir='ltr'>peritioribus</span> <span class='ocrx_word' id='word_1_291' title='bbox 1006 3344 1176 3406; x_wconf 68' lang='lat' dir='ltr'>explicandam</span> <span class='ocrx_word' id='word_1_292' title='bbox 1198 3344 1272 3395; x_wconf 78' lang='lat' dir='ltr'>relia-</span> 
     </span>
     <span class='ocr_line' id='line_1_31' title="bbox 114 3422 773 3486; baseline 0.003 -13"><span class='ocrx_word' id='word_1_293' title='bbox 114 3424 171 3484; x_wconf 79' lang='lat' dir='ltr'>lroec,</span> <span class='ocrx_word' id='word_1_294' title='bbox 196 3422 332 3473; x_wconf 84' lang='lat' dir='ltr'>secundnm</span> <span class='ocrx_word' id='word_1_295' title='bbox 355 3422 507 3471; x_wconf 74' lang='lat' dir='ltr'>Hebralcam</span> <span class='ocrx_word' id='word_1_296' title='bbox 529 3423 670 3486; x_wconf 84' lang='lat' dir='ltr'>adjunctive</span> <span class='ocrx_word' id='word_1_297' title='bbox 720 3440 773 3486; x_wconf 80' lang='lat' dir='ltr'>quo.</span> 
     </span>
    </p>

    <p class='ocr_par' dir='ltr' id='par_1_9' title="bbox 114 3504 1274 4142">
     <span class='ocr_line' id='line_1_32' title="bbox 114 3504 1273 3573; baseline 0.003 -17"><span class='ocrx_word' id='word_1_298' title='bbox 114 3507 208 3556; x_wconf 86' lang='lat' dir='ltr'>dicitnr</span> <span class='ocrx_word' id='word_1_299' title='bbox 230 3507 308 3565; x_wconf 81' lang='lat' dir='ltr'>Mam,</span> <span class='ocrx_word' id='word_1_300' title='bbox 330 3505 472 3568; x_wconf 63' lang='lat' dir='ltr'>parenthesi</span> <span class='ocrx_word' id='word_1_301' title='bbox 490 3505 628 3562; x_wconf 62' lang='lat' dir='ltr'>abolendam,¹</span> <span class='ocrx_word' id='word_1_302' title='bbox 650 3512 669 3553; x_wconf 71' lang='grc' dir='ltr'><em>α</em></span> <span class='ocrx_word' id='word_1_303' title='bbox 770 3504 942 3568; x_wconf 79' lang='lat' dir='ltr'>¹obtinentcm,</span> <span class='ocrx_word' id='word_1_304' title='bbox 952 3509 1093 3570; x_wconf 77' lang='grc' dir='ltr'><strong><em>κρατοῦντα,</em></strong></span> <span class='ocrx_word' id='word_1_305' title='bbox 1103 3509 1220 3573; x_wconf 83' lang='lat' dir='ltr'>meaning</span> <span class='ocrx_word' id='word_1_306' title='bbox 1228 3514 1273 3559; x_wconf 84' lang='lat' dir='ltr'>not</span> 
     </span>
     <span class='ocr_line' id='line_1_33' title="bbox 114 3587 1260 3653; baseline 0.003 -15"><span class='ocrx_word' id='word_1_307' title='bbox 114 3590 155 3638; x_wconf 83' lang='lat' dir='ltr'>vel</span> <span class='ocrx_word' id='word_1_308' title='bbox 176 3588 302 3652; x_wconf 76' lang='lat' dir='ltr'>significat</span> <span class='ocrx_word' id='word_1_309' title='bbox 319 3587 442 3651; x_wconf 83' lang='lat' dir='ltr'>gulosum,</span> <span class='ocrx_word' id='word_1_310' title='bbox 459 3587 494 3635; x_wconf 83' lang='lat' dir='ltr'>ud</span> <span class='ocrx_word' id='word_1_311' title='bbox 511 3588 670 3635; x_wconf 86' lang='lat' dir='ltr'>Mammonas</span> <span class='ocrx_word' id='word_1_312' title='bbox 720 3589 780 3653; x_wconf 87' lang='lat' dir='ltr'>only</span> <span class='ocrx_word' id='word_1_313' title='bbox 791 3589 886 3651; x_wconf 76' lang='lat' dir='ltr'>tepula</span> <span class='ocrx_word' id='word_1_314' title='bbox 894 3590 1033 3652; x_wconf 72' lang='lat' dir='ltr'>possession,</span> <span class='ocrx_word' id='word_1_315' title='bbox 1048 3591 1094 3640; x_wconf 89' lang='lat' dir='ltr'>but</span> <span class='ocrx_word' id='word_1_316' title='bbox 1105 3597 1132 3640; x_wconf 89' lang='lat' dir='ltr'>to</span> <span class='ocrx_word' id='word_1_317' title='bbox 1143 3592 1222 3641; x_wconf 78' lang='lat' dir='ltr'>rctca&#39;n</span> <span class='ocrx_word' id='word_1_318' title='bbox 1233 3593 1260 3642; x_wconf 80' lang='lat' dir='ltr'>it</span> 
     </span>
     <span class='ocr_line' id='line_1_34' title="bbox 114 3667 1274 3732; baseline 0.004 -15"><span class='ocrx_word' id='word_1_319' title='bbox 114 3669 212 3732; x_wconf 75' lang='lat' dir='ltr'>rasmc.</span> <span class='ocrx_word' id='word_1_320' title='bbox 242 3669 301 3717; x_wconf 78' lang='lat' dir='ltr'>Huc</span> <span class='ocrx_word' id='word_1_321' title='bbox 318 3668 382 3716; x_wconf 83' lang='lat' dir='ltr'>caim</span> <span class='ocrx_word' id='word_1_322' title='bbox 399 3667 466 3716; x_wconf 70' lang='lat' dir='ltr'>trabi</span> <span class='ocrx_word' id='word_1_323' title='bbox 481 3675 555 3730; x_wconf 77' lang='lat' dir='ltr'>polest</span> <span class='ocrx_word' id='word_1_324' title='bbox 572 3683 601 3715; x_wconf 79' lang='lat' dir='ltr'>co</span> <span class='ocrx_word' id='word_1_325' title='bbox 616 3683 668 3717; x_wconf 78' lang='lat' dir='ltr'>vox.</span> <span class='ocrx_word' id='word_1_326' title='bbox 770 3669 782 3701; x_wconf 82' lang='lat'>²</span> <span class='ocrx_word' id='word_1_327' title='bbox 800 3671 889 3721; x_wconf 81' lang='lat' dir='ltr'>Omnia</span> <span class='ocrx_word' id='word_1_328' title='bbox 907 3688 984 3720; x_wconf 85' lang='lat' dir='ltr'>scema</span> <span class='ocrx_word' id='word_1_329' title='bbox 1002 3689 1062 3721; x_wconf 90' lang='lat' dir='ltr'>once</span> <span class='ocrx_word' id='word_1_330' title='bbox 1079 3678 1106 3722; x_wconf 86' lang='lat' dir='ltr'>to</span> <span class='ocrx_word' id='word_1_331' title='bbox 1121 3674 1184 3722; x_wconf 86' lang='lat' dir='ltr'>bave</span> <span class='ocrx_word' id='word_1_332' title='bbox 1201 3674 1274 3723; x_wconf 85' lang='lat' dir='ltr'>stood</span> 
     </span>
     <span class='ocr_line' id='line_1_35' title="bbox 115 3749 1274 3817; baseline 0.003 -17"><span class='ocrx_word' id='word_1_333' title='bbox 115 3752 183 3801; x_wconf 81' lang='lat' dir='ltr'>Nom</span> <span class='ocrx_word' id='word_1_334' title='bbox 201 3752 225 3800; x_wconf 77' lang='lat' dir='ltr'>ri</span> <span class='ocrx_word' id='word_1_335' title='bbox 241 3749 328 3800; x_wconf 64' lang='lat' dir='ltr'>laico</span> <span class='ocrx_word' id='word_1_336' title='bbox 352 3749 499 3812; x_wconf 73' lang='lat' dir='ltr'>Oripem‘cao</span> <span class='ocrx_word' id='word_1_337' title='bbox 515 3749 584 3809; x_wconf 71' lang='lat' dir='ltr'>fida,</span> <span class='ocrx_word' id='word_1_338' title='bbox 607 3749 671 3812; x_wconf 77' lang='lat' dir='ltr'>quod</span> <span class='ocrx_word' id='word_1_339' title='bbox 722 3753 747 3801; x_wconf 91' lang='lat' dir='ltr'>in</span> <span class='ocrx_word' id='word_1_340' title='bbox 761 3753 803 3802; x_wconf 90' lang='lat' dir='ltr'>tbe</span> <span class='ocrx_word' id='word_1_341' title='bbox 821 3758 875 3802; x_wconf 78' lang='lat' dir='ltr'>text</span> <span class='ocrx_word' id='word_1_342' title='bbox 885 3772 891 3814; x_wconf 87' lang='lat'>;</span> <span class='ocrx_word' id='word_1_343' title='bbox 910 3755 950 3802; x_wconf 84' lang='lat' dir='ltr'>for</span> <span class='ocrx_word' id='word_1_344' title='bbox 968 3755 1010 3802; x_wconf 87' lang='lat' dir='ltr'>tbe</span> <span class='ocrx_word' id='word_1_345' title='bbox 1028 3754 1127 3803; x_wconf 68' lang='lat' dir='ltr'>Ouzala.</span> <span class='ocrx_word' id='word_1_346' title='bbox 1144 3754 1202 3803; x_wconf 86' lang='lat' dir='ltr'>MS.</span> <span class='ocrx_word' id='word_1_347' title='bbox 1221 3755 1274 3817; x_wconf 85' lang='lat' dir='ltr'>(the</span> 
     </span>
     <span class='ocr_line' id='line_1_36' title="bbox 115 3831 1274 3900; baseline 0 -16"><span class='ocrx_word' id='word_1_348' title='bbox 115 3834 194 3884; x_wconf 75' lang='lat' dir='ltr'>edidit</span> <span class='ocrx_word' id='word_1_349' title='bbox 204 3832 315 3882; x_wconf 60' lang='lat' dir='ltr'>nudam</span> <span class='ocrx_word' id='word_1_350' title='bbox 323 3832 598 3881; x_wconf 69' lang='lat' dir='ltr'>Msarrarsnsnoaer</span> <span class='ocrx_word' id='word_1_351' title='bbox 605 3831 669 3880; x_wconf 67' lang='lat' dir='ltr'>aaa</span> <span class='ocrx_word' id='word_1_352' title='bbox 721 3835 805 3884; x_wconf 77' lang='lat' dir='ltr'>writer</span> <span class='ocrx_word' id='word_1_353' title='bbox 819 3835 847 3883; x_wconf 82' lang='lat' dir='ltr'>of</span> <span class='ocrx_word' id='word_1_354' title='bbox 862 3836 944 3884; x_wconf 84' lang='lat' dir='ltr'>which</span> <span class='ocrx_word' id='word_1_355' title='bbox 963 3837 1008 3885; x_wconf 78' lang='lat' dir='ltr'>has</span> <span class='ocrx_word' id='word_1_356' title='bbox 1022 3836 1067 3885; x_wconf 79' lang='lat' dir='ltr'>lest</span> <span class='ocrx_word' id='word_1_357' title='bbox 1086 3852 1163 3900; x_wconf 84' lang='lat' dir='ltr'>many</span> <span class='ocrx_word' id='word_1_358' title='bbox 1179 3835 1274 3884; x_wconf 73' lang='lat' dir='ltr'>lacuna</span> 
     </span>
     <span class='ocr_line' id='line_1_37' title="bbox 115 3913 1272 3980; baseline 0 -14"><span class='ocrx_word' id='word_1_359' title='bbox 115 3929 146 3967; x_wconf 87' lang='lat'>11.</span> <span class='ocrx_word' id='word_1_360' title='bbox 173 3917 279 3980; x_wconf 75' lang='lat' dir='ltr'>Opmrm</span> <span class='ocrx_word' id='word_1_361' title='bbox 301 3913 335 3964; x_wconf 87' lang='lat' dir='ltr'>D.</span> <span class='ocrx_word' id='word_1_362' title='bbox 355 3914 525 3973; x_wconf 71' lang='lat' dir='ltr'>maroam,</span> <span class='ocrx_word' id='word_1_363' title='bbox 547 3913 590 3963; x_wconf 89' lang='lat' dir='ltr'>col.</span> <span class='ocrx_word' id='word_1_364' title='bbox 613 3927 668 3975; x_wconf 79' lang='lat'>223·</span> <span class='ocrx_word' id='word_1_365' title='bbox 721 3915 785 3965; x_wconf 80' lang='lat' dir='ltr'>from</span> <span class='ocrx_word' id='word_1_366' title='bbox 803 3917 929 3980; x_wconf 82' lang='lat' dir='ltr'>remming</span> <span class='ocrx_word' id='word_1_367' title='bbox 947 3932 1013 3980; x_wconf 90' lang='lat' dir='ltr'>upon</span> <span class='ocrx_word' id='word_1_368' title='bbox 1031 3915 1125 3964; x_wconf 82' lang='lat' dir='ltr'>similar</span> <span class='ocrx_word' id='word_1_369' title='bbox 1135 3915 1216 3965; x_wconf 84' lang='lat' dir='ltr'>words</span> <span class='ocrx_word' id='word_1_370' title='bbox 1227 3916 1272 3965; x_wconf 81' lang='lat' dir='ltr'>dif-</span> 
     </span>
     <span class='ocr_line' id='line_1_38' title="bbox 116 3993 1274 4062; baseline -0.003 -13"><span class='ocrx_word' id='word_1_371' title='bbox 116 4000 249 4058; x_wconf 54' lang='lat' dir='ltr'>Mandra?</span> <span class='ocrx_word' id='word_1_372' title='bbox 273 3998 384 4056; x_wconf 69' lang='grc' dir='ltr'>πλοῦτος,</span> <span class='ocrx_word' id='word_1_373' title='bbox 408 3994 426 4055; x_wconf 78' lang='grc' dir='ltr'><em>ἦ</em></span> <span class='ocrx_word' id='word_1_374' title='bbox 446 3997 534 4055; x_wconf 71' lang='grc' dir='ltr'>μῶμος,</span> <span class='ocrx_word' id='word_1_375' title='bbox 560 3997 630 4058; x_wconf 77' lang='grc' dir='ltr'><strong><em>δῶρα,</em></strong></span> <span class='ocrx_word' id='word_1_376' title='bbox 655 3993 672 4055; x_wconf 81' lang='grc' dir='ltr'><em>ἢ</em></span> <span class='ocrx_word' id='word_1_377' title='bbox 722 3998 827 4062; x_wconf 87' lang='lat' dir='ltr'>lcrently</span> <span class='ocrx_word' id='word_1_378' title='bbox 838 3998 933 4062; x_wconf 81' lang='lat' dir='ltr'>placed)</span> <span class='ocrx_word' id='word_1_379' title='bbox 945 3998 1003 4046; x_wconf 86' lang='lat' dir='ltr'>here</span> <span class='ocrx_word' id='word_1_380' title='bbox 1014 3997 1088 4045; x_wconf 82' lang='lat' dir='ltr'>omits</span> <span class='ocrx_word' id='word_1_381' title='bbox 1099 3996 1274 4060; x_wconf 72' lang='lat' dir='ltr'>aliu03sucta</span> 
     </span>
     <span class='ocr_line' id='line_1_39' title="bbox 116 4076 1124 4142; baseline -0.007 -10"><span class='ocrx_word' id='word_1_382' title='bbox 116 4085 242 4142; x_wconf 68' lang='grc' dir='ltr'>πέμματα.</span> <span class='ocrx_word' id='word_1_383' title='bbox 278 4079 421 4136; x_wconf 78' lang='lat' dir='ltr'>Mamonas,</span> <span class='ocrx_word' id='word_1_384' title='bbox 439 4077 538 4138; x_wconf 76' lang='lat' dir='ltr'>divitica,</span> <span class='ocrx_word' id='word_1_385' title='bbox 559 4077 594 4127; x_wconf 74' lang='lat' dir='ltr'>sel</span> <span class='ocrx_word' id='word_1_386' title='bbox 610 4077 670 4125; x_wconf 76' lang='lat' dir='ltr'>vitu-</span> <span class='ocrx_word' id='word_1_387' title='bbox 721 4076 1124 4141; x_wconf 64' lang='lat' dir='ltr'>summanio[...]1lrclanpclr&#39;.</span> 
     </span>
    </p>

    <p class='ocr_par' dir='ltr' id='par_1_10' title="bbox 112 4158 1275 4638">
     <span class='ocr_line' id='line_1_40' title="bbox 112 4158 1273 4229; baseline -0.003 -17"><span class='ocrx_word' id='word_1_388' title='bbox 112 4163 216 4229; x_wconf 69' lang='lat' dir='ltr'>perucia</span> <span class='ocrx_word' id='word_1_389' title='bbox 237 4163 305 4211; x_wconf 84' lang='lat' dir='ltr'>dcau</span> <span class='ocrx_word' id='word_1_390' title='bbox 320 4161 356 4210; x_wconf 79' lang='lat' dir='ltr'>acl</span> <span class='ocrx_word' id='word_1_391' title='bbox 372 4160 483 4220; x_wconf 80' lang='lat' dir='ltr'>bellaria,</span> <span class='ocrx_word' id='word_1_392' title='bbox 501 4174 542 4208; x_wconf 82' lang='lat' dir='ltr'>seu</span> <span class='ocrx_word' id='word_1_393' title='bbox 558 4158 669 4222; x_wconf 75' lang='lat' dir='ltr'>cupedia.</span> <span class='ocrx_word' id='word_1_394' title='bbox 771 4158 841 4208; x_wconf 74' lang='lat' dir='ltr'>³Au</span> <span class='ocrx_word' id='word_1_395' title='bbox 863 4160 968 4208; x_wconf 87' lang='lat' dir='ltr'>allusion</span> <span class='ocrx_word' id='word_1_396' title='bbox 993 4165 1020 4208; x_wconf 90' lang='lat' dir='ltr'>to</span> <span class='ocrx_word' id='word_1_397' title='bbox 1043 4158 1116 4208; x_wconf 84' lang='lat' dir='ltr'>Rom.</span> <span class='ocrx_word' id='word_1_398' title='bbox 1140 4160 1172 4208; x_wconf 85' lang='lat' dir='ltr'>ix.</span> <span class='ocrx_word' id='word_1_399' title='bbox 1192 4175 1215 4222; x_wconf 84' lang='lat'>5,</span> <span class='ocrx_word' id='word_1_400' title='bbox 1245 4177 1273 4209; x_wconf 82' lang='lat' dir='ltr'>aa</span> 
     </span>
     <span class='ocr_line' id='line_1_41' title="bbox 117 4241 1274 4308; baseline 0 -15"><span class='ocrx_word' id='word_1_401' title='bbox 117 4244 327 4308; x_wconf 72' lang='lat' dir='ltr'>Quemadmodum</span> <span class='ocrx_word' id='word_1_402' title='bbox 337 4242 414 4305; x_wconf 61' lang='lat' dir='ltr'>icitur</span> <span class='ocrx_word' id='word_1_403' title='bbox 424 4257 501 4292; x_wconf 77' lang='lat' dir='ltr'>ccccm</span> <span class='ocrx_word' id='word_1_404' title='bbox 512 4241 671 4290; x_wconf 87' lang='lat' dir='ltr'>Mammonas</span> <span class='ocrx_word' id='word_1_405' title='bbox 722 4243 816 4306; x_wconf 86' lang='lat' dir='ltr'>quoted</span> <span class='ocrx_word' id='word_1_406' title='bbox 836 4242 922 4301; x_wconf 72' lang='lat' dir='ltr'>belom,</span> <span class='ocrx_word' id='word_1_407' title='bbox 941 4258 965 4305; x_wconf 87' lang='lat' dir='ltr'>p.</span> <span class='ocrx_word' id='word_1_408' title='bbox 982 4254 1037 4305; x_wconf 73' lang='lat'>239,</span> <span class='ocrx_word' id='word_1_409' title='bbox 1065 4241 1097 4290; x_wconf 52' lang='lat' dir='ltr'>G,</span> <span class='ocrx_word' id='word_1_410' title='bbox 1129 4242 1171 4290; x_wconf 85' lang='lat' dir='ltr'>the</span> <span class='ocrx_word' id='word_1_411' title='bbox 1191 4242 1274 4293; x_wconf 81' lang='lat' dir='ltr'>Greek</span> 
     </span>
     <span class='ocr_line' id='line_1_42' title="bbox 115 4322 1213 4387; baseline -0.002 -11"><span class='ocrx_word' id='word_1_412' title='bbox 115 4345 133 4376; x_wconf 85' lang='lat' dir='ltr'>a</span> <span class='ocrx_word' id='word_1_413' title='bbox 159 4326 255 4376; x_wconf 78' lang='lat' dir='ltr'>divitiis</span> <span class='ocrx_word' id='word_1_414' title='bbox 279 4324 314 4373; x_wconf 82' lang='lat' dir='ltr'>cd</span> <span class='ocrx_word' id='word_1_415' title='bbox 337 4322 527 4386; x_wconf 66' lang='lat' dir='ltr'>sipmficaadnm</span> <span class='ocrx_word' id='word_1_416' title='bbox 553 4323 670 4386; x_wconf 87' lang='lat' dir='ltr'>cupidum</span> <span class='ocrx_word' id='word_1_417' title='bbox 722 4324 816 4387; x_wconf 82' lang='lat' dir='ltr'>having</span> <span class='ocrx_word' id='word_1_418' title='bbox 827 4324 868 4373; x_wconf 66' lang='lat' dir='ltr'>ear</span> <span class='ocrx_word' id='word_1_419' title='bbox 879 4324 971 4373; x_wconf 75' lang='grc' dir='ltr'>πάντας</span> <span class='ocrx_word' id='word_1_420' title='bbox 981 4322 1077 4372; x_wconf 83' lang='lat' dir='ltr'>instead</span> <span class='ocrx_word' id='word_1_421' title='bbox 1089 4323 1117 4372; x_wconf 84' lang='lat' dir='ltr'>of</span> <span class='ocrx_word' id='word_1_422' title='bbox 1126 4326 1213 4374; x_wconf 73' lang='grc' dir='ltr'>πάντα.</span> 
     </span>
     <span class='ocr_line' id='line_1_43' title="bbox 114 4403 1275 4470; baseline -0.003 -11"><span class='ocrx_word' id='word_1_423' title='bbox 114 4409 240 4459; x_wconf 56' lang='lat' dir='ltr'>transulit</span> <span class='ocrx_word' id='word_1_424' title='bbox 251 4407 374 4463; x_wconf 74' lang='lat' dir='ltr'>Ircnoeas,¹</span> <span class='ocrx_word' id='word_1_425' title='bbox 390 4406 529 4468; x_wconf 66' lang='lat' dir='ltr'>asperiter</span> <span class='ocrx_word' id='word_1_426' title='bbox 539 4421 556 4453; x_wconf 83' lang='lat' dir='ltr'>o</span> <span class='ocrx_word' id='word_1_427' title='bbox 567 4404 672 4468; x_wconf 86' lang='lat' dir='ltr'>cupedia</span> <span class='ocrx_word' id='word_1_428' title='bbox 771 4403 782 4435; x_wconf 85' lang='lat'><strong>⁴</strong></span> <span class='ocrx_word' id='word_1_429' title='bbox 799 4403 894 4453; x_wconf 73' lang='lat' dir='ltr'>(luxua</span> <span class='ocrx_word' id='word_1_430' title='bbox 917 4421 982 4470; x_wconf 80' lang='lat' dir='ltr'>says,</span> <span class='ocrx_word' id='word_1_431' title='bbox 1001 4404 1039 4453; x_wconf 83' lang='lat' dir='ltr'>Nc</span> <span class='ocrx_word' id='word_1_432' title='bbox 1055 4404 1105 4453; x_wconf 71' lang='lat' dir='ltr'>dccc</span> <span class='ocrx_word' id='word_1_433' title='bbox 1125 4407 1196 4455; x_wconf 81' lang='lat' dir='ltr'>verbu</span> <span class='ocrx_word' id='word_1_434' title='bbox 1212 4407 1275 4456; x_wconf 72' lang='lat' dir='ltr'>mala</span> 
     </span>
     <span class='ocr_line' id='line_1_44' title="bbox 115 4485 1274 4553; baseline -0.004 -11"><span class='ocrx_word' id='word_1_435' title='bbox 115 4493 151 4542; x_wconf 80' lang='lat' dir='ltr'>ad</span> <span class='ocrx_word' id='word_1_436' title='bbox 177 4489 371 4553; x_wconf 67' lang='lat' dir='ltr'>aipuificcndum</span> <span class='ocrx_word' id='word_1_437' title='bbox 397 4488 514 4551; x_wconf 78' lang='lat' dir='ltr'>gulosum</span> <span class='ocrx_word' id='word_1_438' title='bbox 541 4485 673 4549; x_wconf 75' lang='lat' dir='ltr'>transferre</span> <span class='ocrx_word' id='word_1_439' title='bbox 722 4485 837 4548; x_wconf 50' lang='lat' dir='ltr'>occipere,</span> <span class='ocrx_word' id='word_1_440' title='bbox 851 4485 1027 4548; x_wconf 71' lang='lat' dir='ltr'>leyccprepiam</span> <span class='ocrx_word' id='word_1_441' title='bbox 1035 4486 1111 4548; x_wconf 79' lang='lat' dir='ltr'>plone</span> <span class='ocrx_word' id='word_1_442' title='bbox 1120 4487 1182 4548; x_wconf 69' lang='lat' dir='ltr'>fidei</span> <span class='ocrx_word' id='word_1_443' title='bbox 1196 4488 1274 4537; x_wconf 72' lang='lat' dir='ltr'>Nicre-</span> 
     </span>
     <span class='ocr_line' id='line_1_45' title="bbox 113 4567 1165 4638; baseline -0.005 -15"><span class='ocrx_word' id='word_1_444' title='bbox 113 4575 201 4638; x_wconf 77' lang='lat' dir='ltr'>potar&#39;t.</span> <span class='ocrx_word' id='word_1_445' title='bbox 232 4569 437 4634; x_wconf 65' lang='lat' dir='ltr'>conmutat,</span> <span class='ocrx_word' id='word_1_446' title='bbox 449 4585 502 4618; x_wconf 82' lang='lat' dir='ltr'>eam</span> <span class='ocrx_word' id='word_1_447' title='bbox 508 4584 584 4618; x_wconf 84' lang='lat' dir='ltr'>vocem</span> <span class='ocrx_word' id='word_1_448' title='bbox 591 4583 673 4618; x_wconf 78' lang='lat' dir='ltr'>recca·</span> <span class='ocrx_word' id='word_1_449' title='bbox 722 4583 761 4615; x_wconf 70' lang='lat' dir='ltr'>car</span> <span class='ocrx_word' id='word_1_450' title='bbox 771 4567 938 4631; x_wconf 72' lang='lat' dir='ltr'>defensionem,</span> <span class='ocrx_word' id='word_1_451' title='bbox 954 4569 981 4620; x_wconf 86' lang='lat'>0.</span> <span class='ocrx_word' id='word_1_452' title='bbox 995 4569 1067 4619; x_wconf 77' lang='lat' dir='ltr'>Rulli</span> <span class='ocrx_word' id='word_1_453' title='bbox 1075 4585 1101 4631; x_wconf 87' lang='lat' dir='ltr'>p.</span> <span class='ocrx_word' id='word_1_454' title='bbox 1114 4582 1165 4630; x_wconf 81' lang='lat'>¹33·</span> 
     </span>
    </p>
   </div>
   <div class='ocr_carea' id='block_1_8' title="bbox 0 0 1509 4994">
    <p class='ocr_par' dir='ltr' id='par_1_11' title="bbox 0 0 1509 4994">
     <span class='ocr_line' id='line_1_46' title="bbox 0 0 1509 4994; baseline 0 0"><span class='ocrx_word' id='word_1_455' title='bbox 0 0 1509 4994; x_wconf 95' lang='lat' dir='ltr'> </span> 
     </span>
    </p>
   </div>
  </div>
 </body>
</html>
