3000 4994
231 341 297 405 124
599 355 693 408 nvn
720 356 1012 409 mosebruunne

83 528 138 569 mn.
152 529 194 614 tp.
229 509 366 577 humano
380 533 475 577 causa
495 512 579 578 facta
601 520 649 577 est
670 512 791 577 salutis.
837 512 881 577 Et
902 521 1028 599 propter
1049 511 1109 578 hoc
1133 511 1199 577 Lex
1221 533 1290 576 eam
1313 533 1383 599 quae
1418 483 1426 499 l

85 576 152 615 xxxta
178 606 183 616 .

89 622 184 708 ‘ffik
228 612 416 697 desponsata
442 623 510 679 erat
538 614 614 692 viro,
644 614 718 679 licet
746 615 834 702 virgo
860 613 903 680 sit
931 614 1044 692 adhuc,
1076 636 1205 679 uxorem
1231 616 1299 700 ejus
1328 614 1382 701 qui

70 714 152 801 ¹225,-
161 715 203 800 ’,η
228 716 469 803 desponsaverat
491 727 593 797 vocat,
610 740 679 783 eam
695 739 765 805 quae
785 726 834 782 est
853 739 873 782 a
894 718 998 782 Maria
1020 718 1054 782 in
1078 718 1178 783 Evam
1203 716 1382 782 ¹recircula-

63 873 116 911 om·
124 872 179 922 m
185 874 215 922 17,
227 819 345 885 tionem
365 821 562 907 significans:
587 821 660 909 quia
680 843 742 886 non
761 821 851 886 aliter
871 820 954 908 quod
973 820 1153 908 colligatum
1178 829 1227 886 est
1250 819 1382 884 solvere-

61 918 153 959 m·
227 930 289 1001 tur,
308 924 368 988 nisi
390 925 466 1010 ipsae
485 925 708 1012 'compagines
721 924 911 1012 alligationis
928 924 1127 990 reflectantur
1149 932 1320 997 retrorsus;
1345 932 1382 987 ut

226 1026 335 1112 primae
350 1027 584 1114 conjunctiones
598 1026 757 1091 solvantur
770 1049 826 1112 per
839 1027 1003 1105 secundas,
1025 1026 1170 1091 secundae
1185 1048 1291 1091 rursus
1305 1025 1381 1090 libe-

224 1137 297 1194 rent
315 1130 441 1214 primas.
486 1130 531 1194 Et
552 1131 655 1195 evenit
672 1129 804 1217 primam
826 1130 952 1217 quidem
974 1129 1189 1216 compaginem
1210 1131 1382 1194 asecunda

226 1229 423 1317 colligatione
437 1231 565 1308 solvere,
581 1231 749 1296 secundam
763 1253 835 1296 vero
850 1231 1079 1318 colligationem
1095 1231 1203 1315 primae
1217 1231 1381 1296 solutionis

61 1347 213 1434 mgr-³⁰.
226 1332 340 1399 habere
355 1334 468 1400 locum.
506 1335 551 1400 Et
570 1345 696 1421 propter
715 1336 775 1401 hoc
796 1335 952 1400 Dominus
971 1335 1095 1400 dicebat
1116 1335 1233 1420 primos
1255 1334 1379 1421 quidem
1393 1362 1471 1401 aaa.

226 1438 411 1503 novissimos
434 1439 554 1504 futuros
583 1448 616 1505 et
641 1439 826 1504 novissimos
855 1438 982 1523 primos.
1027 1437 1071 1502 Et
1094 1437 1245 1523 propheta
1273 1448 1380 1502 autem

62 1565 156 1606 οιιιιι.
167 1567 196 1610 17.
226 1540 286 1607 hoc
316 1541 398 1607 idem
427 1542 595 1629 significat,
624 1543 749 1607 dicens:
784 1543 852 1607 Pro
872 1541 1024 1628 petridae-
1040 1542 1109 1606 noti
1131 1550 1201 1606 aaut
1223 1540 1280 1606 tibi
1299 1542 1379 1622 filii.

225 1644 470 1730 ⁸Primopecitva
483 1645 567 1709 enim
581 1655 763 1711 mancorum
776 1653 869 1710 natus
885 1645 1050 1720 Dominus,
1066 1652 1099 1709 et
1116 1644 1149 1708 in
1168 1645 1271 1708 sinum
1288 1667 1380 1709 suum

225 1748 380 1832 recipiens
412 1747 561 1833 pristinos
587 1756 702 1833 patres,
729 1748 923 1835 regeneravit
949 1769 1003 1812 eos
1029 1747 1185 1812 invitam
1212 1747 1284 1825 Dei,
1313 1747 1380 1834 ipse

224 1849 369 1913 ‘initium
394 1848 561 1912 viventium
583 1850 695 1928 factus,
721 1849 869 1937 quoniam
893 1849 998 1912 Adam
1028 1848 1152 1913 initium
1180 1849 1379 1914 morientium

224 1950 329 2016 factus
342 1960 402 2016 est.
448 1951 580 2037 Propter
594 1952 653 2017 hoc
668 1961 701 2017 et
718 1951 820 2017 Lucas
840 1951 964 2015 initium
983 1951 1194 2038 generationis
1207 1972 1228 2015 a
1243 1951 1380 2016 Domino

225 2052 377 2119 inchoans
399 2054 432 2118 iu
448 2055 554 2118 Adam
568 2054 684 2131 retulit,
700 2043 881 2141 significans
902 2054 1049 2140 quoniam
1070 2076 1133 2118 non
1153 2053 1196 2117 illi
1215 2055 1308 2132 hunc,
1323 2055 1379 2118 sed

224 2154 276 2220 hic
299 2154 368 2220 illos
397 2156 430 2220 iu
448 2155 663 2242 Evangelium.
676 2156 749 2221 vitae
772 2155 977 2242 regeneravit.
1034 2155 1087 2220 Sic
1113 2163 1218 2219 autem
1243 2164 1275 2220 et
1303 2156 1380 2220 Evae

224 2257 443 2323 inobedientiae
460 2258 560 2323 nodus
582 2258 768 2323 solutionem
787 2259 910 2342 accepit
931 2281 992 2344 per
1009 2257 1235 2323 ‘obedientiam
1256 2258 1379 2324 Mariae.

225 2361 317 2443 Quod
345 2360 429 2426 enirn
457 2360 596 2448 alligavit
619 2361 706 2447 virgo
733 2361 802 2425 Eva
830 2382 887 2448 per
916 2360 1175 2438 incredulitatem,
1205 2360 1265 2425 hoc
1292 2362 1380 2447 virgo

225 2463 330 2530 Maria
345 2464 436 2530 solvit
450 2466 623 2551 perfidem.

291 2572 322 2633 2.
356 2568 492 2634 Necesse
507 2590 582 2654 ergo
596 2568 665 2645 fuit,
682 2568 854 2634 Dominum
868 2569 908 2634 ad
923 2568 1076 2654 perditam
1089 2590 1178 2633 ovem
1192 2568 1379 2648 venientem,

223 2679 257 2737 et
271 2679 369 2736 tautae
383 2671 595 2758 dispositionis
609 2671 897 2758 recapitulationem
913 2672 1089 2749 facientem,
1107 2681 1140 2737 et
1154 2695 1246 2737 suum
1261 2672 1381 2758 plasma

222 2776 441 2860 requirentem,
468 2775 555 2839 illurn
584 2775 686 2858 ipsum
715 2775 872 2840 hominem
906 2776 1034 2852 salvare,
1064 2775 1116 2862 qui
1147 2777 1249 2840 factus
1278 2777 1380 2840 fuerat

222 2879 394 2944 secundum
416 2877 584 2964 imaginem
604 2887 638 2943 et
655 2878 888 2943 similitudinem
907 2880 984 2963 ejus,
1007 2878 1116 2954 idest,
1138 2879 1245 2943 Adam
1259 2879 1379 2942 vadim-

267 3028 507 3091 Ueientanorum,
529 3031 714 3094 dvcvrcprpopdu,
739 3032 777 3080 for
826 3033 911 3094 λαβὼν
942 3032 997 3080 τοὺς
1030 3031 1182 3093 πατριάρχας
1210 3035 1282 3080 κτλ.
1327 3032 1380 3080 The

225 3113 378 3174 dverrpopdv,
403 3112 496 3162 relatio.
535 3112 650 3161 Srrnunn
676 3113 776 3162 rendere
827 3112 913 3161 render
934 3129 993 3176 may
1011 3112 1063 3160 also
1086 3128 1200 3177 compare
1223 3115 1265 3162 the
1287 3115 1380 3162 several

224 3194 269 3243 tho
284 3194 353 3242 word
371 3195 426 3243 well
442 3194 477 3258 by
493 3194 725 3258 Zuvttokbeciehung,
749 3197 775 3244 in
827 3194 959 3253 instances,
980 3193 1073 3257 quoted
1095 3199 1123 3242 st
1144 3210 1187 3257 pp.
1208 3192 1337 3256 334—336
1354 3197 1383 3244 of

225 3276 339 3340 English,
357 3293 374 3324 ο
391 3275 584 3339 bucqufereooe.
829 3275 877 3325 nte
890 3275 982 3335 evada,
997 3276 1021 3323 iu
1040 3275 1120 3323 which
1137 3275 1179 3323 tlre
1195 3276 1263 3338 early
1276 3277 1381 3325 Fathers

274 3357 463 3421 'compagines
494 3359 546 3418 dac,
576 3359 695 3408 rendered
722 3359 775 3409 into
827 3356 1379 3424 expressedthelnlieftbatChristinHades

225 3440 321 3491 Greek:
347 3443 368 3488 sl
386 3442 420 3500 μὴ
439 3442 550 3490 αὐτὰτὰ
568 3442 711 3501 συνάμματα
733 3444 776 3501 τῆς
827 3437 1148 3502 proclaimedremhsionof
1156 3436 1380 3500 sinstothcspirite

226 3525 360 3582 ἐπιπλοκῆς
382 3525 562 3585 ἀναστρέφηται
581 3525 612 3572 εἱς
632 3524 665 3572 τὰ
686 3524 772 3584 ὀπίσω,
826 3521 856 3569 of
862 3521 998 3585 patriarcba
1005 3519 1175 3583 audjustmcn
1183 3519 1252 3568 there
1259 3520 1378 3567 confincd.

225 3605 265 3652 ἵνα
281 3606 306 3652 sl
324 3604 438 3666 πρότεραι
455 3605 530 3653 decess
543 3605 581 3652 na
598 3605 647 3651 τῶν
662 3605 776 3665 δευτέρων
828 3602 874 3651 See
890 3603 941 3650 also
960 3603 1003 3651 the
1016 3602 1076 3650 false
1088 3602 1171 3665 gospel
1182 3602 1211 3649 of
1218 3601 1377 3663 Nicodamus,

226 3686 383 3746 ἀναλύονται,
397 3688 469 3735 κ,τ.λ.
827 3685 840 3743 ἓ
853 3696 932 3734 xvnl.
945 3685 989 3734 dte.

273 3766 488 3832 ’Primogenv'tua
512 3767 691 3817 Thefirstboru
701 3768 776 3832 being
876 3765 999 3814 ‘aaran
1016 3770 1121 3813 restores
1138 3765 1182 3813 the
1198 3764 1267 3812 word
1280 3763 1380 3813 indiam

224 3851 383 3900 consecrated
399 3856 425 3900 to
439 3851 482 3900 the
493 3850 569 3909 Lord,
584 3850 626 3898 the
636 3854 700 3898 term
712 3867 774 3912 πριο
826 3863 853 3897 as
876 3848 985 3909 ἀπαρχὴ,
1010 3847 1057 3896 but
1079 3848 1146 3896 sinos
1168 3847 1252 3895 Adam
1272 3848 1293 3895 is
1312 3864 1379 3897 more

224 3933 322 3982 rdvoxor
341 3933 367 3981 in
383 3933 464 3996 living
480 3932 565 3995 things
585 3931 715 3995 expressed
732 3933 775 3980 the
826 3929 942 3993 properly
953 3928 996 3977 the
1002 3927 1058 3989 first
1068 3929 1097 3976 of
1106 3929 1150 3977 the
1161 3928 1247 3992 dying,
1260 3929 1322 3976 than
1336 3930 1378 3977 the

223 4031 292 4064 nme
318 4014 374 4063 idea
400 4031 428 4063 as
454 4015 565 4076 ἀπαρχαὶ
589 4014 614 4062 in
639 4014 775 4063 inanimata
820 4010 959 4073 firstsruv'la,
984 4010 1005 4057 it
1022 4026 1100 4058 seems
1117 4010 1253 4074 preferable
1276 4015 1302 4058 to
1319 4026 1376 4058 con·

222 4096 316 4159 things,
329 4112 345 4143 a
355 4100 419 4145 tenu
430 4094 528 4160 applied
538 4100 566 4143 to
577 4111 623 4143 our
634 4094 702 4143 Lord
713 4095 774 4143 with
825 4092 890 4141 sider
906 4092 949 4140 the
970 4091 1037 4140 word
1052 4108 1080 4140 as
1099 4092 1190 4156 simply
1207 4092 1377 4155 representing

222 4177 345 4226 reference
367 4182 393 4226 to
416 4177 458 4225 the
476 4176 662 4239 nave-offering
684 4176 712 4224 of
731 4176 774 4224 the
826 4173 897 4235 ἀρχή.

222 4257 328 4306 Pascbal
339 4258 484 4322 solemnity3
500 4274 540 4306 aee
551 4256 616 4308 Hie.
631 4257 684 4306 aad
692 4257 771 4307 l'heol.
873 4254 884 4286 ⁵
900 4255 953 4304 'she
975 4254 1056 4304 Voss.
1079 4255 1190 4319 reading,
1213 4253 1372 4313 audientem,

222 4337 253 4401 os
260 4337 401 4398 aaronem
410 4356 452 4403 pp.
463 4349 600 4401 375-377.
626 4339 679 4387 The
690 4338 773 4389 Greek
825 4339 905 4397 ἀκοὴν,
925 4337 945 4385 is
963 4342 1058 4386 notan
1078 4336 1229 4400 improbable
1247 4335 1375 4394 one;and

222 4420 328 4485 perhaps
339 4436 384 4468 ran
395 4437 423 4468 as
432 4421 539 4470 follows:
559 4421 714 4483 Πρωτότοκος
724 4423 773 4484 ’γὰρ
823 4419 863 4467 fer
869 4435 916 4481 per
926 4418 985 4467 read
996 4419 1031 4467 ob.
1062 4418 1101 4468 cf.
1115 4417 1170 4466 Gal.
1184 4418 1217 4466 iii.
1231 4431 1253 4466 a.

222 4501 250 4548 ἐι
264 4502 350 4561 νεκρῶν
364 4500 428 4562 (Col.
441 4501 457 4549 i.
474 4503 510 4562 18,
525 4502 588 4551 Rev.
601 4503 617 4551 i.
636 4503 660 4565 5)
673 4519 772 4564 γεγειπ
871 4499 883 4531 ⁶
902 4500 1078 4562 adimplentur.
1100 4500 1160 4558 An,
1169 4497 1372 4558 cnnnffloss,

222 4582 291 4640 advos
301 4582 315 4630 d
326 4581 420 4644 Κύριος,
432 4583 464 4633 ela
473 4584 515 4632 τὸν
523 4586 613 4633 κόλπον
621 4585 771 4643 ailredum·
824 4581 912 4632 Mlno.
928 4593 968 4642 ιι,
985 4580 1017 4630 al.
1035 4579 1178 4644 implentem.
