3000 4994
255 351 321 415 254
640 364 735 418 mue
761 364 1012 418 ussermanni

117 534 218 620 munile.
255 519 422 584 ¹remansit
436 519 469 583 in
484 517 639 595 Sodomis,
654 517 722 603 jam
736 538 799 581 non
814 538 886 582 caro
901 515 1108 601 corruptibilis
1129 516 1185 581 sed
1200 520 1321 581 ²statua
1335 516 1411 581 salis
1425 548 1451 588 ο,
1476 567 1480 575 .

98 607 232 714 {fig-,lp
255 644 378 707 semper
402 643 542 700 manens,
565 631 599 687 et
627 625 701 707 ³per
725 619 879 684 naturalia
913 641 951 684 ea
983 640 1052 704 quae
1078 627 1152 683 sunt
1177 619 1411 686 consuetudinis

115 719 182 760 '¹¹¹²
192 721 210 759 ¹·
255 724 390 789 hominis
405 722 580 800 ostendens,
597 722 787 809 quoniamst
802 721 955 799 Ecclesia,
971 743 1040 808 quae
1053 729 1102 785 est
1120 721 1167 785 sal
1185 731 1287 801 terrae,
1303 723 1409 788 suhre·

91 829 220 870 ¹¹⁸‘²·'·¹³³
255 827 330 892 licta
352 836 402 893 est
425 827 458 890 in
480 826 614 891 confinio
636 834 738 902 terrae,
763 823 885 912 patiens
906 847 976 910 quae
999 833 1074 889 sunt
1097 825 1252 889 humana:
1280 834 1313 890 et
1334 827 1409 890 dum

255 952 340 1016 saepe
361 930 560 995 ⁴euferuntur
577 930 618 993 ab
637 951 675 994 ea
695 929 834 993 membra
853 927 985 1015 integra,
1007 937 1182 1016 perseverat
1200 937 1306 993 statua
1324 929 1409 1006 salis,

256 1035 339 1120 quod
350 1041 398 1099 cst
409 1034 638 1098 firmamentum
649 1031 732 1111 fidei,
747 1033 875 1098 firmans
885 1042 917 1098 et
932 1033 1127 1120 praemittcns
1138 1033 1218 1099 filios
1227 1033 1269 1099 ad
1281 1034 1410 1099 Patrem

256 1159 404 1224 ipsorum.

700 1333 803 1401 GAP.
825 1334 961 1401 XLIX.

257 1488 419 1565 Osteoeio
436 1514 551 1564 unum
568 1501 601 1563 et
618 1485 771 1563 cundem
792 1513 864 1563 erse
879 1487 1003 1562 Deum
1021 1487 1178 1563 Petram
1197 1499 1358 1561 nostrum
1376 1497 1408 1558 et

752 1603 907 1679 illorum.

322 1772 352 1834 l.
385 1768 593 1833 Hurusuonr
616 1790 737 1855 quoque
757 1768 797 1834 de
811 1769 932 1834 duobus
947 1769 1159 1835 Testamentis
1173 1767 1292 1833 ⁵senior
1306 1771 1412 1852 Apos-

254 1873 389 1938 tolorum
414 1872 582 1958 discipulus
610 1872 799 1959 disputabat,
828 1873 870 1938 ab
898 1894 962 1937 uuo
987 1873 1112 1957 quidem
1140 1882 1172 1937 et
1201 1871 1310 1936 eodem
1340 1870 1410 1935 Deo

255 1984 386 2063 utraque
401 1976 578 2042 ostendens.
623 1976 691 2042 Nec
712 1977 816 2042 ⁶enim
838 1998 906 2042 esse
927 1976 1059 2041 alterum
1081 1975 1186 2041 Deum
1206 1984 1321 2060 praeter
1337 1997 1409 2040 eum

255 2079 308 2167 qui
322 2079 397 2144 iecit
410 2087 443 2144 et
457 2079 620 2165 plasmavit
637 2100 706 2158 nos,
721 2101 779 2145 uec
793 2080 973 2145 firmitatem
985 2079 1100 2146 habere
1114 2100 1287 2144 sermonem
1302 2100 1409 2144 eorum

255 2182 308 2268 qui
328 2183 436 2248 dieunt
457 2192 512 2247 aut
533 2204 590 2268 per
614 2183 752 2271 angelos,
773 2191 829 2248 aut
850 2205 906 2270 per
927 2182 1039 2247 ⁶aliam
1061 2181 1230 2269 quamlibet
1251 2181 1409 2260 virtutem,

254 2294 311 2352 aut
324 2288 365 2351 ab
378 2286 440 2352 alio
456 2287 525 2352 Deo
540 2287 657 2352 factum
671 2308 740 2352 esec
760 2287 842 2351 hune
857 2287 1007 2351 mundum
1023 2286 1075 2371 qui
1093 2293 1142 2350 est
1156 2285 1326 2350 secundum
1341 2306 1410 2349 nos.

257 2388 291 2453 Si
307 2389 390 2454 enim
404 2389 500 2455 semel
515 2389 585 2475 quis
599 2397 849 2455 transmoveatur
862 2412 882 2454 e
896 2389 1014 2455 faetore
1028 2389 1177 2466 omnium,
1193 2397 1226 2453 et
1243 2387 1410 2453 ⁷concedat

254 2493 296 2557 ab
320 2493 424 2582 aliquo
448 2493 558 2571 altero,
580 2500 637 2558 aut
662 2515 718 2579 per
746 2492 841 2556 alium
864 2492 980 2557 iactam
1005 2491 1216 2556 conditionem
1246 2511 1316 2576 quae
1343 2495 1410 2554 ⁸est

255 2594 424 2659 seeundum
436 2615 503 2671 nos,
519 2594 650 2659 multam
664 2592 932 2680 incongruentiam
943 2601 976 2658 et
991 2592 1138 2678 plurimas
1149 2591 1411 2657 contradictiones

254 2718 382 2762 neeesse
407 2706 456 2762 est
480 2697 598 2762 incidat
623 2696 818 2781 hujusmodi:
852 2697 893 2760 ed
920 2717 998 2780 quas
1024 2695 1124 2760 nullas
1150 2695 1237 2760 dabit
1263 2695 1409 2772 rationes,

253 2819 354 2883 neque
368 2798 538 2863 secundum
553 2797 726 2876 verisimile,
743 2819 843 2883 neque
857 2796 1028 2862 secundum
1042 2797 1217 2862 veritatem.
1261 2796 1305 2860 Et
1321 2818 1411 2881 prop·

253 2911 303 2968 ter
322 2902 382 2967 hoc
401 2902 434 2966 hi
457 2903 509 2987 qui
529 2902 606 2966 aliae
621 2902 779 2967 doctrinas
798 2902 945 2980 inierunt,
965 2900 1199 2966 abscondente
1212 2902 1303 2965 nobis
1317 2921 1411 2986 quam

253 3006 370 3070 habent
389 3005 448 3091 ipsi
468 3006 507 3071 de
527 3006 597 3070 Deo
618 3005 816 3084 sententiam,
840 3005 976 3069 seientes
995 3008 1161 3090 ”quassum
1180 3013 1213 3069 et
1231 3004 1320 3069 sutile
1337 3006 1410 3071 doc-

254 3109 345 3173 trinae
359 3130 436 3187 suae,
451 3117 484 3173 et
499 3109 645 3173 timentes
660 3129 699 3173 ne
713 3107 787 3175 victi
802 3108 912 3173 salvari
928 3107 1149 3192 periclitentur.

305 3270 316 3302 ¹
332 3272 386 3320 Aa.
399 3278 552 3321 mmcmeret.
906 3270 917 3303 ³
928 3271 1014 3320 Senior
1021 3271 1191 3334 Apostolorum
1197 3270 1349 3333 discipulum
1361 3273 1410 3320 this

304 3349 423 3400 ²Statua
438 3353 496 3400 salis
515 3368 612 3417 semper
629 3368 741 3403 mancus.
767 3354 809 3403 Ite
857 3369 904 3403 can
918 3353 1008 3418 hardly
1026 3354 1056 3402 be
1075 3353 1118 3402 the
1131 3369 1199 3402 same
1208 3354 1330 3416 presbyter
1344 3370 1411 3402 men·

255 3441 276 3483 ct
303 3434 429 3482 Caunus
458 3435 528 3485 Rois.
551 3435 580 3483 in
604 3436 682 3498 Epist.
708 3436 744 3485 ad
767 3436 808 3486 Co·
857 3436 943 3485 tioned
960 3451 981 3485 c.
995 3447 1072 3484 mn.
1085 3437 1205 3485 whowas
1219 3437 1279 3501 only
1294 3453 1311 3485 a
1324 3437 1412 3484 hearer

254 3516 331 3566 riveti.
357 3523 471 3564 meruerat
492 3519 586 3577 στήλην
611 3518 667 3567 ἁλὸς
694 3520 737 3567 ἔως
766 3519 809 3578 τῆς
857 3517 886 3566 of
905 3517 976 3566 those
993 3518 1048 3565 who
1065 3517 1115 3566 had
1131 3518 1207 3567 heard
1223 3520 1266 3567 the
1282 3518 1409 3582 Apostles.

255 3597 344 3658 ἡμέρας
364 3599 461 3657 ταύτης.
506 3600 585 3661 Atque
602 3615 630 3647 ee:
643 3598 740 3649 Judoea'e
760 3599 808 3648 Jo-
858 3598 986 3647 Iamue
1000 3615 1059 3663 may
1070 3600 1128 3648 here
1140 3616 1212 3648 mean
1228 3601 1271 3648 the
1282 3600 1412 3648 venerahle

255 3689 362 3738 serene,
377 3679 419 3728 iio.
432 3691 450 3728 1.
462 3679 547 3743 Antip.
561 3696 615 3743 cap.
633 3694 669 3741 12,
682 3680 809 3730 decadem
857 3685 953 3744 martyr
965 3681 1098 3746 Polycarp,
1108 3682 1197 3747 bishop
1208 3683 1237 3731 oi'
1252 3683 1365 3747 Smyrna.

256 3760 314 3809 salis
331 3765 417 3810 statua
434 3763 534 3813 scribit:
551 3764 660 3825 irrepere
679 3766 704 3812 δὲ
718 3765 807 3823 αὐτήν·
906 3761 917 3794 ⁶
933 3762 1005 3822 enirn,
1019 3762 1104 3824 aliern,
1115 3765 1223 3813 inserted
1233 3765 1297 3813 from
1305 3765 1347 3813 the
1358 3765 1410 3813 An.

255 3844 291 3892 ἔτι
302 3844 352 3905 γὰρ
363 3844 403 3891 καὶ
414 3846 454 3892 νῦν
464 3846 575 3904 διαμένει.
606 3846 708 3894 Gessit.
905 3843 916 3878 l
933 3845 984 3893 AB.
998 3845 1087 3894 inserte
1104 3862 1167 3907 cum,
1180 3846 1286 3911 perhaps
1298 3849 1340 3895 ὅτε
1352 3846 1412 3894 read

304 3929 315 3962 ¹
327 3947 373 3994 pgr
383 3933 520 3994 naturalia,
531 3934 574 3982 ie,
588 3935 617 3983 ac
631 3935 805 3997 mmmm,
855 3925 934 3991 byTr.
944 3927 984 3974 for
995 3929 1210 3991 rorr,enswering
1218 3928 1329 3988 toeemel,
1342 3945 1409 3977 ποτε.

255 4013 293 4063 cf.
307 4013 550 4077 demerendam,
563 4015 805 4079 intcrop.'l¹iia'iu11.
907 4005 918 4039 ⁸
933 4008 985 4056 ΑΒ·
999 4008 1037 4057 fll-

254 4099 281 4143 et
292 4094 373 4144 cira,
905 4088 917 4121 ⁹
932 4089 986 4138 The
997 4090 1074 4141 MSS.
1087 4091 1159 4140 differ
1169 4092 1227 4140 here
1237 4092 1263 4140 in
1275 4108 1291 4140 a
1301 4092 1410 4140 remark·

255 4190 341 4231 Dicitur
353 4194 375 4233 et
386 4193 467 4240 vivens,
480 4193 523 4234 aiio
533 4194 579 4242 iem
592 4204 685 4244 corpore,
698 4204 761 4235 sexus
856 4170 911 4218 *bh
929 4170 1026 4235 ‘¹08¹'oe-
1060 4172 1114 4221 Th0
1131 4173 1235 4237 mdiuss
1249 4174 1362 4222 s⁰¹l⁰wed
1378 4174 1412 4237 by

254 4253 369 4296 Munmoos
377 4257 441 4297 solito
449 4257 576 4307 dispungere
584 4259 686 4308 mguine
694 4269 783 4300 menses
857 4251 988 4301 Mesenae·
1003 4254 1054 4303 and
1071 4256 1147 4304 taken
1165 4257 1229 4304 from
1249 4257 1292 4305 the
1309 4256 1410 4306 Cinithii.

304 4342 315 4374 ⁴
331 4344 540 4410 'l'heramepoem
551 4363 609 4411 gay,
620 4349 677 4397 that
684 4349 728 4399 th,
736 4349 809 4414 9111„
857 4333 914 4383 MS.
930 4336 952 4383 is
966 4334 1074 4400 adopted
1091 4337 1117 4384 in
1128 4338 1172 4386 the
1186 4343 1257 4397 text;
1274 4338 1317 4386 the
1328 4338 1409 4386 Voss.

255 4422 285 4470 of
296 4423 344 4472 salt
357 4441 408 4474 was
419 4426 621 4481 indestructihle:
856 4415 915 4465 MS.
928 4417 973 4465 hm
988 4431 1102 4479 quorem
1112 4426 1133 4466 et
1141 4417 1231 4479 fida&
1249 4420 1291 4467 the
1302 4421 1409 4468 Alieni).

255 4518 311 4566 Quin
321 4521 386 4562 etum
394 4523 413 4562 ,ι
420 4524 469 4572 qul,
477 4525 610 4567 muffivffit
618 4527 702 4568 ,dvm
709 4527 809 4578 pomum·
856 4498 901 4547 has
912 4513 995 4546 cacum
1006 4506 1027 4547 ct
1037 4500 1146 4561 ruinam,
1161 4502 1243 4550 which
1254 4503 1275 4550 is
1286 4503 1329 4551 the
1341 4504 1410 4551 read·

254 4582 356 4626 emenus
364 4595 390 4626 0¹
399 4596 443 4628 ere
452 4590 552 4637 meone
559 4589 650 4633 mum
657 4591 757 4643 eveniet
855 4579 901 4644 ing
914 4580 1038 4644 preferred
1051 4582 1085 4646 by
1096 4582 1199 4646 Genu,
1213 4584 1274 4634 with
1288 4585 1331 4634 the
1342 4585 1410 4634 addi·
