<?xml version="1.0" encoding="UTF-8"?>
<!DOCTYPE html PUBLIC "-//W3C//DTD XHTML 1.0 Transitional//EN"
    "http://www.w3.org/TR/xhtml1/DTD/xhtml1-transitional.dtd">
<html xmlns="http://www.w3.org/1999/xhtml" xml:lang="en" lang="en">
 <head>
  <title>
</title>
<meta http-equiv="Content-Type" content="text/html;charset=utf-8" />
  <meta name='ocr-system' content='tesseract 3.04.00' />
  <meta name='ocr-capabilities' content='ocr_page ocr_carea ocr_par ocr_line ocrx_word'/>
</head>
<body>
  <div class='ocr_page' id='page_1' title='image "./sanctiirenaeiep00harvgoog_0069.png"; bbox 0 0 3000 4994; ppageno 0'>
   <div class='ocr_carea' id='block_1_1' title="bbox 248 331 1045 407">
    <p class='ocr_par' dir='ltr' id='par_1_1' title="bbox 248 331 1045 407">
     <span class='ocr_line' id='line_1_1' title="bbox 248 331 1045 407; baseline 0.014 -12"><span class='ocrx_word' id='word_1_1' title='bbox 248 331 292 395; x_wconf 86' lang='lat'>58</span> <span class='ocrx_word' id='word_1_2' title='bbox 612 350 732 404; x_wconf 75' lang='lat' dir='ltr'>nouus</span> <span class='ocrx_word' id='word_1_3' title='bbox 757 351 1045 407; x_wconf 78' lang='lat' dir='ltr'>urosrouonuu.</span> 
     </span>
    </p>
   </div>
   <div class='ocr_carea' id='block_1_2' title="bbox 81 501 1397 1210">
    <p class='ocr_par' dir='ltr' id='par_1_2' title="bbox 81 501 1397 1210">
     <span class='ocr_line' id='line_1_2' title="bbox 105 501 1397 601; baseline 0.003 -40"><span class='ocrx_word' id='word_1_4' title='bbox 105 513 209 601; x_wconf 65' lang='lat' dir='ltr'>Lpppu</span> <span class='ocrx_word' id='word_1_5' title='bbox 246 507 279 564; x_wconf 85' lang='lat' dir='ltr'>tu</span> <span class='ocrx_word' id='word_1_6' title='bbox 294 501 422 567; x_wconf 80' lang='lat' dir='ltr'>oaDour</span> <span class='ocrx_word' id='word_1_7' title='bbox 441 502 496 589; x_wconf 82' lang='lat' dir='ltr'>qui</span> <span class='ocrx_word' id='word_1_8' title='bbox 509 502 617 588; x_wconf 65' lang='lat' dir='ltr'>feroti</span> <span class='ocrx_word' id='word_1_9' title='bbox 631 502 745 581; x_wconf 81' lang='lat' dir='ltr'>ooalrua,</span> <span class='ocrx_word' id='word_1_10' title='bbox 761 513 928 583; x_wconf 73' lang='lat' dir='ltr'>ulterram,</span> <span class='ocrx_word' id='word_1_11' title='bbox 944 514 972 570; x_wconf 80' lang='lat' dir='ltr'>at</span> <span class='ocrx_word' id='word_1_12' title='bbox 991 527 1087 584; x_wconf 80' lang='lat' dir='ltr'>mora,</span> <span class='ocrx_word' id='word_1_13' title='bbox 1109 513 1136 569; x_wconf 80' lang='lat' dir='ltr'>ot</span> <span class='ocrx_word' id='word_1_14' title='bbox 1158 504 1259 569; x_wconf 79' lang='lat' dir='ltr'>omniu</span> <span class='ocrx_word' id='word_1_15' title='bbox 1281 524 1349 590; x_wconf 75' lang='grc' dir='ltr'>ηοω</span> <span class='ocrx_word' id='word_1_16' title='bbox 1362 502 1397 565; x_wconf 79' lang='lat' dir='ltr'>iu</span> 
     </span>
     <span class='ocr_line' id='line_1_3' title="bbox 87 588 1397 695; baseline -0.001 -26"><span class='ocrx_word' id='word_1_17' title='bbox 87 588 231 695; x_wconf 48' lang='lat' dir='ltr'>ffiggffffi&#39;·</span> <span class='ocrx_word' id='word_1_18' title='bbox 246 606 288 670; x_wconf 75' lang='lat' dir='ltr'>eir</span> <span class='ocrx_word' id='word_1_19' title='bbox 305 615 384 684; x_wconf 75' lang='grc' dir='ltr'>ωιιιί,</span> <span class='ocrx_word' id='word_1_20' title='bbox 399 607 453 692; x_wconf 82' lang='lat' dir='ltr'>qui</span> <span class='ocrx_word' id='word_1_21' title='bbox 474 610 550 693; x_wconf 81' lang='grc' dir='ltr'>ιρει</span> <span class='ocrx_word' id='word_1_22' title='bbox 563 606 717 692; x_wconf 65' lang='lat' dir='ltr'>Spiritum</span> <span class='ocrx_word' id='word_1_23' title='bbox 736 616 872 673; x_wconf 71' lang='grc' dir='ltr'>εαυιίιιοι</span> <span class='ocrx_word' id='word_1_24' title='bbox 890 630 941 674; x_wconf 83' lang='lat' dir='ltr'>oro</span> <span class='ocrx_word' id='word_1_25' title='bbox 954 607 1175 694; x_wconf 79' lang='lat' dir='ltr'>Dooiolpotrr’a</span> <span class='ocrx_word' id='word_1_26' title='bbox 1188 607 1291 684; x_wconf 76' lang='lat' dir='ltr'>nostri,</span> <span class='ocrx_word' id='word_1_27' title='bbox 1301 605 1397 692; x_wconf 80' lang='lat' dir='ltr'>puori</span> 
     </span>
     <span class='ocr_line' id='line_1_4' title="bbox 84 700 1396 798; baseline 0.002 -26"><span class='ocrx_word' id='word_1_28' title='bbox 84 700 229 788; x_wconf 45' lang='grc' dir='ltr'>,Ἃ</span> <span class='ocrx_word' id='word_1_29' title='bbox 245 709 302 787; x_wconf 79' lang='lat' dir='ltr'>tui,</span> <span class='ocrx_word' id='word_1_30' title='bbox 330 709 452 774; x_wconf 60' lang='lat' dir='ltr'>diroti.-</span> <span class='ocrx_word' id='word_1_31' title='bbox 489 711 592 790; x_wconf 77' lang='lat' dir='ltr'>Quure</span> <span class='ocrx_word' id='word_1_32' title='bbox 616 712 813 796; x_wconf 75' lang='lat' dir='ltr'>fremuerunt</span> <span class='ocrx_word' id='word_1_33' title='bbox 835 720 944 798; x_wconf 66' lang='grc' dir='ltr'>ρωπίαν,</span> <span class='ocrx_word' id='word_1_34' title='bbox 971 721 999 777; x_wconf 76' lang='lat' dir='ltr'>ot</span> <span class='ocrx_word' id='word_1_35' title='bbox 1021 713 1132 798; x_wconf 83' lang='lat' dir='ltr'>populi</span> <span class='ocrx_word' id='word_1_36' title='bbox 1160 711 1300 776; x_wconf 71' lang='lat' dir='ltr'>nuditati</span> <span class='ocrx_word' id='word_1_37' title='bbox 1327 718 1396 774; x_wconf 78' lang='lat' dir='ltr'>runt</span> 
     </span>
     <span class='ocr_line' id='line_1_5' title="bbox 81 812 1395 901; baseline 0.001 -26"><span class='ocrx_word' id='word_1_38' title='bbox 81 826 115 867; x_wconf 63' lang='lat' dir='ltr'>ra</span> <span class='ocrx_word' id='word_1_39' title='bbox 124 827 145 867; x_wconf 72' lang='grc' dir='ltr'>ιι</span> <span class='ocrx_word' id='word_1_40' title='bbox 156 829 218 869; x_wconf 74' lang='lat'><em>1012-</em></span> <span class='ocrx_word' id='word_1_41' title='bbox 244 812 374 876; x_wconf 73' lang='lat' dir='ltr'>inania?</span> <span class='ocrx_word' id='word_1_42' title='bbox 386 814 667 900; x_wconf 74' lang='lat' dir='ltr'>Adstitoruatropoa</span> <span class='ocrx_word' id='word_1_43' title='bbox 677 824 778 893; x_wconf 75' lang='lat' dir='ltr'>terror,</span> <span class='ocrx_word' id='word_1_44' title='bbox 790 824 818 878; x_wconf 77' lang='lat' dir='ltr'>ot</span> <span class='ocrx_word' id='word_1_45' title='bbox 824 817 982 901; x_wconf 78' lang='grc' dir='ltr'>ρνίιιειῖραο</span> <span class='ocrx_word' id='word_1_46' title='bbox 990 816 1159 901; x_wconf 74' lang='lat' dir='ltr'>conpropnti</span> <span class='ocrx_word' id='word_1_47' title='bbox 1173 824 1242 879; x_wconf 80' lang='lat' dir='ltr'>suut</span> <span class='ocrx_word' id='word_1_48' title='bbox 1256 815 1289 877; x_wconf 86' lang='grc' dir='ltr'>ιίι</span> <span class='ocrx_word' id='word_1_49' title='bbox 1301 834 1395 877; x_wconf 81' lang='lat' dir='ltr'>uuum</span> 
     </span>
     <span class='ocr_line' id='line_1_6' title="bbox 241 914 1395 1002; baseline -0.001 -23"><span class='ocrx_word' id='word_1_50' title='bbox 241 915 388 980; x_wconf 71' lang='lat' dir='ltr'>&#39;adparata</span> <span class='ocrx_word' id='word_1_51' title='bbox 401 916 576 995; x_wconf 82' lang='lat' dir='ltr'>Dominum,</span> <span class='ocrx_word' id='word_1_52' title='bbox 595 925 624 982; x_wconf 77' lang='lat' dir='ltr'>et</span> <span class='ocrx_word' id='word_1_53' title='bbox 644 917 788 981; x_wconf 78' lang='lat' dir='ltr'>advorsus</span> <span class='ocrx_word' id='word_1_54' title='bbox 807 916 958 982; x_wconf 58' lang='lat' dir='ltr'>Uenetum</span> <span class='ocrx_word' id='word_1_55' title='bbox 978 918 1048 1002; x_wconf 76' lang='lat' dir='ltr'>ejus.</span> <span class='ocrx_word' id='word_1_56' title='bbox 1087 918 1294 982; x_wconf 77' lang='lat' dir='ltr'>Convenerunt</span> <span class='ocrx_word' id='word_1_57' title='bbox 1315 914 1395 980; x_wconf 79' lang='lat' dir='ltr'>anim</span> 
     </span>
     <span class='ocr_line' id='line_1_7' title="bbox 243 1019 1395 1106; baseline 0.003 -24"><span class='ocrx_word' id='word_1_58' title='bbox 243 1040 313 1083; x_wconf 79' lang='lat' dir='ltr'>nara</span> <span class='ocrx_word' id='word_1_59' title='bbox 332 1020 384 1083; x_wconf 77' lang='lat' dir='ltr'>&#39;la</span> <span class='ocrx_word' id='word_1_60' title='bbox 402 1020 460 1084; x_wconf 82' lang='grc' dir='ltr'>Ιιαα</span> <span class='ocrx_word' id='word_1_61' title='bbox 482 1021 603 1084; x_wconf 74' lang='lat' dir='ltr'>ciuitate</span> <span class='ocrx_word' id='word_1_62' title='bbox 621 1019 765 1084; x_wconf 71' lang='lat' dir='ltr'>uulnerum</span> <span class='ocrx_word' id='word_1_63' title='bbox 787 1029 923 1085; x_wconf 78' lang='lat' dir='ltr'>sunctum</span> <span class='ocrx_word' id='word_1_64' title='bbox 937 1021 1059 1086; x_wconf 80' lang='lat' dir='ltr'>Filium</span> <span class='ocrx_word' id='word_1_65' title='bbox 1082 1031 1166 1086; x_wconf 81' lang='lat' dir='ltr'>tuum</span> <span class='ocrx_word' id='word_1_66' title='bbox 1179 1020 1286 1085; x_wconf 74' lang='lat' dir='ltr'>Jerum</span> <span class='ocrx_word' id='word_1_67' title='bbox 1308 1042 1395 1106; x_wconf 83' lang='lat' dir='ltr'>quom</span> 
     </span>
     <span class='ocr_line' id='line_1_8' title="bbox 242 1122 1393 1210; baseline 0.003 -25"><span class='ocrx_word' id='word_1_68' title='bbox 242 1123 367 1200; x_wconf 66' lang='lat' dir='ltr'>uenisti,</span> <span class='ocrx_word' id='word_1_69' title='bbox 382 1123 519 1188; x_wconf 75' lang='lat' dir='ltr'>Herodes</span> <span class='ocrx_word' id='word_1_70' title='bbox 533 1133 561 1189; x_wconf 81' lang='lat' dir='ltr'>ot</span> <span class='ocrx_word' id='word_1_71' title='bbox 574 1125 705 1189; x_wconf 80' lang='lat' dir='ltr'>Pontius</span> <span class='ocrx_word' id='word_1_72' title='bbox 718 1124 854 1202; x_wconf 77' lang='lat' dir='ltr'>Pilatus,</span> <span class='ocrx_word' id='word_1_73' title='bbox 872 1146 940 1188; x_wconf 84' lang='grc' dir='ltr'>ουιιι</span> <span class='ocrx_word' id='word_1_74' title='bbox 954 1122 1090 1210; x_wconf 72' lang='lat' dir='ltr'>pentilus</span> <span class='ocrx_word' id='word_1_75' title='bbox 1104 1132 1133 1189; x_wconf 80' lang='lat' dir='ltr'>ot</span> <span class='ocrx_word' id='word_1_76' title='bbox 1143 1122 1268 1209; x_wconf 68' lang='lat' dir='ltr'>populas</span> <span class='ocrx_word' id='word_1_77' title='bbox 1281 1123 1393 1202; x_wconf 76' lang='lat' dir='ltr'>Israel,</span> 
     </span>
    </p>
   </div>
   <div class='ocr_carea' id='block_1_3' title="bbox 233 1225 1372 1312">
    <p class='ocr_par' dir='ltr' id='par_1_3' title="bbox 233 1225 1372 1312">
     <span class='ocr_line' id='line_1_9' title="bbox 233 1225 1372 1312; baseline 0.004 -24"><span class='ocrx_word' id='word_1_78' title='bbox 233 1227 344 1308; x_wconf 75' lang='lat' dir='ltr'>saorra</span> <span class='ocrx_word' id='word_1_79' title='bbox 358 1248 540 1312; x_wconf 72' lang='grc' dir='ltr'>ηυωουιιηυι</span> <span class='ocrx_word' id='word_1_80' title='bbox 553 1247 661 1291; x_wconf 78' lang='lat' dir='ltr'>monus</span> <span class='ocrx_word' id='word_1_81' title='bbox 675 1235 729 1291; x_wconf 81' lang='lat' dir='ltr'>tuo</span> <span class='ocrx_word' id='word_1_82' title='bbox 745 1234 772 1290; x_wconf 80' lang='lat' dir='ltr'>ot</span> <span class='ocrx_word' id='word_1_83' title='bbox 785 1225 922 1291; x_wconf 78' lang='lat' dir='ltr'>oohvntur</span> <span class='ocrx_word' id='word_1_84' title='bbox 935 1236 990 1291; x_wconf 82' lang='lat' dir='ltr'>tuo</span> <span class='ocrx_word' id='word_1_85' title='bbox 998 1226 1276 1312; x_wconf 69' lang='lat' dir='ltr'>praedestinaverat</span> <span class='ocrx_word' id='word_1_86' title='bbox 1283 1225 1372 1309; x_wconf 74' lang='lat' dir='ltr'>fiori.</span> 
     </span>
    </p>
   </div>
   <div class='ocr_carea' id='block_1_4' title="bbox 78 1433 1488 2212">
    <p class='ocr_par' dir='ltr' id='par_1_4' title="bbox 78 1433 1393 1549">
     <span class='ocr_line' id='line_1_10' title="bbox 78 1433 1393 1549; baseline 0 -43"><span class='ocrx_word' id='word_1_87' title='bbox 78 1451 204 1549; x_wconf 41' lang='lat'>3:3¹¹&amp;</span> <span class='ocrx_word' id='word_1_88' title='bbox 242 1435 353 1508; x_wconf 78' lang='grc' dir='ltr'>Αθται</span> <span class='ocrx_word' id='word_1_89' title='bbox 380 1436 488 1534; x_wconf 77' lang='grc' dir='ltr'>φωναὶ</span> <span class='ocrx_word' id='word_1_90' title='bbox 511 1444 569 1520; x_wconf 77' lang='grc' dir='ltr'>τῆς</span> <span class='ocrx_word' id='word_1_91' title='bbox 590 1436 801 1520; x_wconf 85' lang='grc' dir='ltr'>Ἐκκλησίας,</span> <span class='ocrx_word' id='word_1_92' title='bbox 827 1433 866 1530; x_wconf 77' lang='grc' dir='ltr'>ἐξ</span> <span class='ocrx_word' id='word_1_93' title='bbox 891 1437 924 1520; x_wconf 84' lang='grc' dir='ltr'>ής</span> <span class='ocrx_word' id='word_1_94' title='bbox 951 1439 1047 1506; x_wconf 84' lang='grc' dir='ltr'>πῶσα</span> <span class='ocrx_word' id='word_1_95' title='bbox 1072 1437 1211 1532; x_wconf 82' lang='grc' dir='ltr'>ἔσχηκεν</span> <span class='ocrx_word' id='word_1_96' title='bbox 1236 1434 1393 1517; x_wconf 75' lang='grc' dir='ltr'>ἐκκλησία</span> 
     </span>
    </p>

    <p class='ocr_par' dir='ltr' id='par_1_5' title="bbox 241 1550 1488 1761">
     <span class='ocr_line' id='line_1_11' title="bbox 241 1550 1393 1648; baseline -0.004 -27"><span class='ocrx_word' id='word_1_97' title='bbox 241 1553 303 1634; x_wconf 84' lang='grc' dir='ltr'>τήν</span> <span class='ocrx_word' id='word_1_98' title='bbox 334 1550 450 1648; x_wconf 80' lang='grc' dir='ltr'>ἀρχήν·</span> <span class='ocrx_word' id='word_1_99' title='bbox 476 1551 573 1621; x_wconf 73' lang='grc' dir='ltr'>αὗται</span> <span class='ocrx_word' id='word_1_100' title='bbox 605 1550 711 1648; x_wconf 79' lang='grc' dir='ltr'>φωναί</span> <span class='ocrx_word' id='word_1_101' title='bbox 741 1556 799 1631; x_wconf 73' lang='grc' dir='ltr'>τῆς</span> <span class='ocrx_word' id='word_1_102' title='bbox 836 1552 1073 1648; x_wconf 78' lang='grc' dir='ltr'>μητροπόλεως</span> <span class='ocrx_word' id='word_1_103' title='bbox 1104 1554 1170 1621; x_wconf 90' lang='grc' dir='ltr'>τῶν</span> <span class='ocrx_word' id='word_1_104' title='bbox 1198 1556 1256 1630; x_wconf 76' lang='grc' dir='ltr'>τῆς</span> <span class='ocrx_word' id='word_1_105' title='bbox 1287 1555 1393 1631; x_wconf 77' lang='grc' dir='ltr'>καινῆς</span> 
     </span>
     <span class='ocr_line' id='line_1_12' title="bbox 243 1660 1488 1761; baseline 0 -28"><span class='ocrx_word' id='word_1_106' title='bbox 243 1660 392 1745; x_wconf 75' lang='grc' dir='ltr'>διαθήκης</span> <span class='ocrx_word' id='word_1_107' title='bbox 421 1668 579 1746; x_wconf 90' lang='grc' dir='ltr'>πολιτῶν,</span> <span class='ocrx_word' id='word_1_108' title='bbox 606 1664 702 1733; x_wconf 82' lang='grc' dir='ltr'>αθται</span> <span class='ocrx_word' id='word_1_109' title='bbox 731 1661 838 1761; x_wconf 79' lang='grc' dir='ltr'>φωναί</span> <span class='ocrx_word' id='word_1_110' title='bbox 864 1666 931 1733; x_wconf 90' lang='grc' dir='ltr'>τῶν</span> <span class='ocrx_word' id='word_1_111' title='bbox 957 1662 1170 1746; x_wconf 83' lang='grc' dir='ltr'>ἀποστόλων,</span> <span class='ocrx_word' id='word_1_112' title='bbox 1198 1662 1294 1734; x_wconf 81' lang='grc' dir='ltr'>αθται</span> <span class='ocrx_word' id='word_1_113' title='bbox 1322 1667 1393 1759; x_wconf 83' lang='grc' dir='ltr'>φω-</span> <span class='ocrx_word' id='word_1_114' title='bbox 1409 1694 1488 1740; x_wconf 82' lang='lat' dir='ltr'>narr.</span> 
     </span>
    </p>

    <p class='ocr_par' dir='ltr' id='par_1_6' title="bbox 243 1774 1391 1872">
     <span class='ocr_line' id='line_1_13' title="bbox 243 1774 1391 1872; baseline -0.003 -27"><span class='ocrx_word' id='word_1_115' title='bbox 243 1777 293 1846; x_wconf 83' lang='lat' dir='ltr'>vol</span> <span class='ocrx_word' id='word_1_116' title='bbox 335 1779 402 1846; x_wconf 93' lang='grc' dir='ltr'>τῶν</span> <span class='ocrx_word' id='word_1_117' title='bbox 454 1779 610 1859; x_wconf 82' lang='grc' dir='ltr'>μαθητῶν</span> <span class='ocrx_word' id='word_1_118' title='bbox 658 1780 722 1846; x_wconf 80' lang='grc' dir='ltr'>τοῦ</span> <span class='ocrx_word' id='word_1_119' title='bbox 765 1774 899 1872; x_wconf 84' lang='grc' dir='ltr'>Κυρίου,</span> <span class='ocrx_word' id='word_1_120' title='bbox 955 1780 1022 1847; x_wconf 93' lang='grc' dir='ltr'>τῶν</span> <span class='ocrx_word' id='word_1_121' title='bbox 1067 1775 1194 1858; x_wconf 80' lang='grc' dir='ltr'>ἀληθῶς</span> <span class='ocrx_word' id='word_1_122' title='bbox 1249 1775 1391 1858; x_wconf 87' lang='grc' dir='ltr'>τελείων,</span> 
     </span>
    </p>

    <p class='ocr_par' dir='ltr' id='par_1_7' title="bbox 241 1885 1390 1986">
     <span class='ocr_line' id='line_1_14' title="bbox 241 1885 1390 1986; baseline -0.002 -27"><span class='ocrx_word' id='word_1_123' title='bbox 241 1886 327 1971; x_wconf 78' lang='grc' dir='ltr'>μετὰ</span> <span class='ocrx_word' id='word_1_124' title='bbox 350 1889 410 1968; x_wconf 84' lang='grc' dir='ltr'>τήν</span> <span class='ocrx_word' id='word_1_125' title='bbox 433 1885 604 1984; x_wconf 60' lang='grc' dir='ltr'>ἆνιίληήιιν</span> <span class='ocrx_word' id='word_1_126' title='bbox 628 1894 692 1959; x_wconf 81' lang='grc' dir='ltr'>τοῦ</span> <span class='ocrx_word' id='word_1_127' title='bbox 712 1887 838 1986; x_wconf 86' lang='grc' dir='ltr'>Κυρίου</span> <span class='ocrx_word' id='word_1_128' title='bbox 858 1885 910 1957; x_wconf 75' lang='grc' dir='ltr'>διὰ</span> <span class='ocrx_word' id='word_1_129' title='bbox 930 1888 1126 1970; x_wconf 79' lang='grc' dir='ltr'>Πνειίματος</span> <span class='ocrx_word' id='word_1_130' title='bbox 1143 1888 1390 1971; x_wconf 77' lang='grc' dir='ltr'>τελειωθέντων,</span> 
     </span>
    </p>

    <p class='ocr_par' dir='ltr' id='par_1_8' title="bbox 239 1998 1389 2098">
     <span class='ocr_line' id='line_1_15' title="bbox 239 1998 1389 2098; baseline -0.002 -27"><span class='ocrx_word' id='word_1_131' title='bbox 239 2001 293 2073; x_wconf 76' lang='grc' dir='ltr'>καί</span> <span class='ocrx_word' id='word_1_132' title='bbox 325 2002 599 2084; x_wconf 74' lang='grc' dir='ltr'>ἐπικαλουμένων·</span> <span class='ocrx_word' id='word_1_133' title='bbox 616 1998 677 2072; x_wconf 80' lang='grc' dir='ltr'>τὸν</span> <span class='ocrx_word' id='word_1_134' title='bbox 708 2000 802 2085; x_wconf 81' lang='grc' dir='ltr'>Θεὸν,</span> <span class='ocrx_word' id='word_1_135' title='bbox 835 1999 896 2072; x_wconf 79' lang='grc' dir='ltr'>τῶν</span> <span class='ocrx_word' id='word_1_136' title='bbox 927 2000 1118 2084; x_wconf 91' lang='grc' dir='ltr'>ποιήσαντα</span> <span class='ocrx_word' id='word_1_137' title='bbox 1151 2000 1213 2073; x_wconf 81' lang='grc' dir='ltr'>τὸν</span> <span class='ocrx_word' id='word_1_138' title='bbox 1245 1998 1389 2098; x_wconf 80' lang='grc' dir='ltr'>οὖρανόν,</span> 
     </span>
    </p>

    <p class='ocr_par' dir='ltr' id='par_1_9' title="bbox 156 2110 1392 2212">
     <span class='ocr_line' id='line_1_16' title="bbox 156 2110 1392 2212; baseline -0.001 -28"><span class='ocrx_word' id='word_1_139' title='bbox 156 2130 160 2139; x_wconf 92' lang='grc'><strong>’</strong></span> <span class='ocrx_word' id='word_1_140' title='bbox 239 2114 294 2185; x_wconf 80' lang='grc' dir='ltr'>καί</span> <span class='ocrx_word' id='word_1_141' title='bbox 328 2114 388 2195; x_wconf 85' lang='grc' dir='ltr'>τήν</span> <span class='ocrx_word' id='word_1_142' title='bbox 425 2122 494 2206; x_wconf 74' lang='grc' dir='ltr'>γῆν,</span> <span class='ocrx_word' id='word_1_143' title='bbox 524 2114 577 2185; x_wconf 79' lang='grc' dir='ltr'>καί</span> <span class='ocrx_word' id='word_1_144' title='bbox 613 2115 673 2197; x_wconf 85' lang='grc' dir='ltr'>τήν</span> <span class='ocrx_word' id='word_1_145' title='bbox 701 2110 887 2198; x_wconf 77' lang='grc' dir='ltr'>θάλασσαν,</span> <span class='ocrx_word' id='word_1_146' title='bbox 916 2110 977 2184; x_wconf 78' lang='grc' dir='ltr'>τὸν</span> <span class='ocrx_word' id='word_1_147' title='bbox 1014 2111 1067 2183; x_wconf 78' lang='grc' dir='ltr'>θεὰ</span> <span class='ocrx_word' id='word_1_148' title='bbox 1105 2118 1171 2185; x_wconf 92' lang='grc' dir='ltr'>τῶν</span> <span class='ocrx_word' id='word_1_149' title='bbox 1204 2117 1392 2212; x_wconf 79' lang='grc' dir='ltr'>προφητῶν</span> 
     </span>
    </p>
   </div>
   <div class='ocr_carea' id='block_1_5' title="bbox 239 2223 1388 2326">
    <p class='ocr_par' dir='ltr' id='par_1_10' title="bbox 239 2223 1388 2326">
     <span class='ocr_line' id='line_1_17' title="bbox 239 2223 1388 2326; baseline -0.001 -29"><span class='ocrx_word' id='word_1_150' title='bbox 239 2227 484 2326; x_wconf 77' lang='grc' dir='ltr'>κεκηρυγμένον,</span> <span class='ocrx_word' id='word_1_151' title='bbox 509 2227 563 2297; x_wconf 81' lang='grc' dir='ltr'>καί</span> <span class='ocrx_word' id='word_1_152' title='bbox 590 2225 651 2299; x_wconf 78' lang='grc' dir='ltr'>τῶν</span> <span class='ocrx_word' id='word_1_153' title='bbox 675 2227 797 2298; x_wconf 78' lang='grc' dir='ltr'>τούτου</span> <span class='ocrx_word' id='word_1_154' title='bbox 822 2225 925 2297; x_wconf 78' lang='grc' dir='ltr'>παῖδα</span> <span class='ocrx_word' id='word_1_155' title='bbox 959 2224 1002 2311; x_wconf 70' lang='lat' dir='ltr'>(li,</span> <span class='ocrx_word' id='word_1_156' title='bbox 1029 2226 1065 2297; x_wconf 79' lang='grc' dir='ltr'>ὃν</span> <span class='ocrx_word' id='word_1_157' title='bbox 1096 2228 1230 2326; x_wconf 81' lang='grc' dir='ltr'>ἔχρισεν</span> <span class='ocrx_word' id='word_1_158' title='bbox 1252 2229 1271 2297; x_wconf 89' lang='grc' dir='ltr'>ὁ</span> <span class='ocrx_word' id='word_1_159' title='bbox 1296 2223 1388 2310; x_wconf 73' lang='grc' dir='ltr'>θεὸς,</span> 
     </span>
    </p>
   </div>
   <div class='ocr_carea' id='block_1_6' title="bbox 236 2337 1390 3107">
    <p class='ocr_par' dir='ltr' id='par_1_11' title="bbox 236 2337 1390 3107">
     <span class='ocr_line' id='line_1_18' title="bbox 238 2337 1389 2438; baseline -0.002 -28"><span class='ocrx_word' id='word_1_160' title='bbox 238 2340 292 2410; x_wconf 79' lang='grc' dir='ltr'>καί</span> <span class='ocrx_word' id='word_1_161' title='bbox 323 2341 431 2412; x_wconf 79' lang='grc' dir='ltr'>ἄλλον</span> <span class='ocrx_word' id='word_1_162' title='bbox 460 2341 515 2411; x_wconf 74' lang='grc' dir='ltr'>οὔκ</span> <span class='ocrx_word' id='word_1_163' title='bbox 540 2339 681 2411; x_wconf 82' lang='grc' dir='ltr'>είθότων.</span> <span class='ocrx_word' id='word_1_164' title='bbox 726 2339 777 2408; x_wconf 75' lang='lat' dir='ltr'>Ol</span> <span class='ocrx_word' id='word_1_165' title='bbox 800 2337 868 2438; x_wconf 77' lang='grc' dir='ltr'>γὰρ</span> <span class='ocrx_word' id='word_1_166' title='bbox 900 2338 936 2422; x_wconf 75' lang='grc' dir='ltr'>ἦν</span> <span class='ocrx_word' id='word_1_167' title='bbox 963 2341 1048 2411; x_wconf 86' lang='grc' dir='ltr'>τότε</span> <span class='ocrx_word' id='word_1_168' title='bbox 1074 2339 1292 2416; x_wconf 79' lang='grc' dir='ltr'>Οὗαλεντῖνος</span> <span class='ocrx_word' id='word_1_169' title='bbox 1315 2341 1389 2424; x_wconf 82' lang='grc' dir='ltr'>ε’κεῖ,</span> 
     </span>
     <span class='ocr_line' id='line_1_19' title="bbox 241 2451 1390 2551; baseline -0.003 -27"><span class='ocrx_word' id='word_1_170' title='bbox 241 2451 312 2524; x_wconf 75' lang='grc' dir='ltr'>οὐδὲ</span> <span class='ocrx_word' id='word_1_171' title='bbox 351 2453 519 2551; x_wconf 77' lang='grc' dir='ltr'>Μαρκίων,</span> <span class='ocrx_word' id='word_1_172' title='bbox 553 2451 619 2523; x_wconf 76' lang='grc' dir='ltr'>οὗθ’</span> <span class='ocrx_word' id='word_1_173' title='bbox 652 2455 685 2523; x_wconf 83' lang='grc' dir='ltr'>οἱ</span> <span class='ocrx_word' id='word_1_174' title='bbox 714 2453 829 2522; x_wconf 81' lang='grc' dir='ltr'>λοιποί</span> <span class='ocrx_word' id='word_1_175' title='bbox 863 2453 984 2523; x_wconf 77' lang='grc' dir='ltr'>ἑαυτῶν</span> <span class='ocrx_word' id='word_1_176' title='bbox 1017 2484 1057 2524; x_wconf 93' lang='grc' dir='ltr'>τε</span> <span class='ocrx_word' id='word_1_177' title='bbox 1094 2453 1147 2523; x_wconf 76' lang='grc' dir='ltr'>καὶ</span> <span class='ocrx_word' id='word_1_178' title='bbox 1179 2457 1245 2525; x_wconf 91' lang='grc' dir='ltr'>τῶν</span> <span class='ocrx_word' id='word_1_179' title='bbox 1276 2453 1390 2522; x_wconf 88' lang='grc' dir='ltr'>πειθο-</span> 
     </span>
     <span class='ocr_line' id='line_1_20' title="bbox 237 2563 1388 2665; baseline -0.002 -28"><span class='ocrx_word' id='word_1_180' title='bbox 237 2567 340 2651; x_wconf 76' lang='grc' dir='ltr'>μένων</span> <span class='ocrx_word' id='word_1_181' title='bbox 374 2566 485 2644; x_wconf 72' lang='grc' dir='ltr'>αὐτοῖς</span> <span class='ocrx_word' id='word_1_182' title='bbox 522 2572 784 2665; x_wconf 66' lang='grc' dir='ltr'>καταστροφάς.</span> <span class='ocrx_word' id='word_1_183' title='bbox 836 2563 902 2637; x_wconf 78' lang='grc' dir='ltr'>Διὸ</span> <span class='ocrx_word' id='word_1_184' title='bbox 933 2565 987 2636; x_wconf 79' lang='grc' dir='ltr'>καί</span> <span class='ocrx_word' id='word_1_185' title='bbox 1016 2567 1196 2648; x_wconf 74' lang='grc' dir='ltr'>ἐπήκουσεν</span> <span class='ocrx_word' id='word_1_186' title='bbox 1228 2567 1333 2637; x_wconf 73' lang='grc' dir='ltr'>αὐτῶν</span> <span class='ocrx_word' id='word_1_187' title='bbox 1368 2566 1388 2635; x_wconf 86' lang='grc' dir='ltr'>ὁ</span> 
     </span>
     <span class='ocr_line' id='line_1_21' title="bbox 239 2675 1386 2777; baseline 0.001 -28"><span class='ocrx_word' id='word_1_188' title='bbox 239 2681 375 2762; x_wconf 66' lang='grc' dir='ltr'>ποιητής</span> <span class='ocrx_word' id='word_1_189' title='bbox 394 2685 461 2751; x_wconf 91' lang='grc' dir='ltr'>τῶν</span> <span class='ocrx_word' id='word_1_190' title='bbox 477 2682 634 2751; x_wconf 74' lang='grc' dir='ltr'>α’πιίντων</span> <span class='ocrx_word' id='word_1_191' title='bbox 653 2680 746 2755; x_wconf 82' lang='grc' dir='ltr'>Θεός.</span> <span class='ocrx_word' id='word_1_192' title='bbox 789 2678 977 2761; x_wconf 80' lang='grc' dir='ltr'>Ἐσαλειίθη</span> <span class='ocrx_word' id='word_1_193' title='bbox 998 2675 1075 2777; x_wconf 74' lang='grc' dir='ltr'>γάρ,</span> <span class='ocrx_word' id='word_1_194' title='bbox 1101 2685 1214 2776; x_wconf 83' lang='grc' dir='ltr'>φησιν,</span> <span class='ocrx_word' id='word_1_195' title='bbox 1234 2680 1254 2749; x_wconf 87' lang='grc' dir='ltr'>ὁ</span> <span class='ocrx_word' id='word_1_196' title='bbox 1270 2679 1386 2761; x_wconf 81' lang='grc' dir='ltr'>τόπος,</span> 
     </span>
     <span class='ocr_line' id='line_1_22' title="bbox 236 2791 1389 2883; baseline -0.002 -21"><span class='ocrx_word' id='word_1_197' title='bbox 236 2792 270 2862; x_wconf 79' lang='grc' dir='ltr'>ἐν</span> <span class='ocrx_word' id='word_1_198' title='bbox 297 2793 323 2882; x_wconf 76' lang='grc' dir='ltr'><em>ᾧ</em></span> <span class='ocrx_word' id='word_1_199' title='bbox 355 2793 437 2875; x_wconf 78' lang='grc' dir='ltr'>ήσαν</span> <span class='ocrx_word' id='word_1_200' title='bbox 464 2792 668 2882; x_wconf 79' lang='grc' dir='ltr'>συνηγμένοι,</span> <span class='ocrx_word' id='word_1_201' title='bbox 696 2791 750 2860; x_wconf 79' lang='grc' dir='ltr'>καί</span> <span class='ocrx_word' id='word_1_202' title='bbox 781 2791 999 2874; x_wconf 72' lang='grc' dir='ltr'>ἐπλήσθησαν</span> <span class='ocrx_word' id='word_1_203' title='bbox 1029 2791 1173 2868; x_wconf 79' lang='grc' dir='ltr'>ἅπαντες</span> <span class='ocrx_word' id='word_1_204' title='bbox 1198 2798 1261 2864; x_wconf 80' lang='grc' dir='ltr'>τοῦ</span> <span class='ocrx_word' id='word_1_205' title='bbox 1288 2791 1389 2883; x_wconf 76' lang='grc' dir='ltr'>ἁγίου</span> 
     </span>
     <span class='ocr_line' id='line_1_23' title="bbox 237 2902 1390 3003; baseline 0.001 -29"><span class='ocrx_word' id='word_1_206' title='bbox 237 2904 442 2989; x_wconf 82' lang='grc' dir='ltr'>Πνειίματος,</span> <span class='ocrx_word' id='word_1_207' title='bbox 470 2906 524 2975; x_wconf 81' lang='grc' dir='ltr'>καί</span> <span class='ocrx_word' id='word_1_208' title='bbox 555 2904 697 2974; x_wconf 75' lang='grc' dir='ltr'>ἐλάλουν</span> <span class='ocrx_word' id='word_1_209' title='bbox 722 2903 783 2975; x_wconf 82' lang='grc' dir='ltr'>τὸν</span> <span class='ocrx_word' id='word_1_210' title='bbox 809 2905 918 2994; x_wconf 82' lang='grc' dir='ltr'>λόγον</span> <span class='ocrx_word' id='word_1_211' title='bbox 947 2909 1010 2975; x_wconf 79' lang='grc' dir='ltr'>τοῦ</span> <span class='ocrx_word' id='word_1_212' title='bbox 1028 2905 1116 2974; x_wconf 81' lang='grc' dir='ltr'>Θεοῦ</span> <span class='ocrx_word' id='word_1_213' title='bbox 1143 2902 1229 2988; x_wconf 80' lang='grc' dir='ltr'>μετὰ</span> <span class='ocrx_word' id='word_1_214' title='bbox 1261 2909 1390 3003; x_wconf 83' lang='grc' dir='ltr'>παῤῥη-</span> 
     </span>
     <span class='ocr_line' id='line_1_24' title="bbox 237 3017 892 3107; baseline -0.003 -20"><span class='ocrx_word' id='word_1_215' title='bbox 237 3018 311 3093; x_wconf 86' lang='grc' dir='ltr'>σίας</span> <span class='ocrx_word' id='word_1_216' title='bbox 339 3017 441 3088; x_wconf 81' lang='grc' dir='ltr'>παντί</span> <span class='ocrx_word' id='word_1_217' title='bbox 470 3020 521 3107; x_wconf 74' lang='grc' dir='ltr'>τῷ</span> <span class='ocrx_word' id='word_1_218' title='bbox 548 3017 682 3088; x_wconf 74' lang='grc' dir='ltr'>θέλοντι</span> <span class='ocrx_word' id='word_1_219' title='bbox 716 3019 892 3088; x_wconf 74' lang='grc' dir='ltr'>πιστεύειν.</span> 
     </span>
    </p>
   </div>
   <div class='ocr_carea' id='block_1_7' title="bbox 231 3237 1388 4250">
    <p class='ocr_par' dir='ltr' id='par_1_12' title="bbox 231 3237 1388 4250">
     <span class='ocr_line' id='line_1_25' title="bbox 303 3237 1384 3324; baseline 0.005 -24"><span class='ocrx_word' id='word_1_220' title='bbox 303 3238 332 3302; x_wconf 91' lang='grc'>6.</span> <span class='ocrx_word' id='word_1_221' title='bbox 378 3237 441 3301; x_wconf 83' lang='lat' dir='ltr'>Hae</span> <span class='ocrx_word' id='word_1_222' title='bbox 451 3260 542 3303; x_wconf 90' lang='lat' dir='ltr'>vooes</span> <span class='ocrx_word' id='word_1_223' title='bbox 555 3238 717 3318; x_wconf 85' lang='lat' dir='ltr'>Eoolesiae,</span> <span class='ocrx_word' id='word_1_224' title='bbox 730 3260 769 3303; x_wconf 84' lang='lat' dir='ltr'>ex</span> <span class='ocrx_word' id='word_1_225' title='bbox 785 3260 847 3324; x_wconf 90' lang='lat' dir='ltr'>qua</span> <span class='ocrx_word' id='word_1_226' title='bbox 861 3238 971 3302; x_wconf 84' lang='lat' dir='ltr'>habuit</span> <span class='ocrx_word' id='word_1_227' title='bbox 986 3238 1089 3303; x_wconf 90' lang='lat' dir='ltr'>omnis</span> <span class='ocrx_word' id='word_1_228' title='bbox 1103 3239 1235 3304; x_wconf 86' lang='lat' dir='ltr'>eeclesia</span> <span class='ocrx_word' id='word_1_229' title='bbox 1244 3239 1384 3305; x_wconf 90' lang='lat' dir='ltr'>initium:</span> 
     </span>
     <span class='ocr_line' id='line_1_26' title="bbox 234 3340 1387 3428; baseline 0.004 -24"><span class='ocrx_word' id='word_1_230' title='bbox 234 3340 284 3405; x_wconf 87' lang='lat' dir='ltr'>hae</span> <span class='ocrx_word' id='word_1_231' title='bbox 310 3362 402 3406; x_wconf 89' lang='lat' dir='ltr'>vooes</span> <span class='ocrx_word' id='word_1_232' title='bbox 430 3342 566 3407; x_wconf 80' lang='lat' dir='ltr'>civitatis</span> <span class='ocrx_word' id='word_1_233' title='bbox 591 3363 724 3428; x_wconf 87' lang='lat' dir='ltr'>magnae,</span> <span class='ocrx_word' id='word_1_234' title='bbox 755 3341 826 3406; x_wconf 90' lang='lat' dir='ltr'>novi</span> <span class='ocrx_word' id='word_1_235' title='bbox 852 3342 1032 3406; x_wconf 80' lang='lat' dir='ltr'>testamenti</span> <span class='ocrx_word' id='word_1_236' title='bbox 1060 3343 1192 3407; x_wconf 82' lang='lat' dir='ltr'>civium:</span> <span class='ocrx_word' id='word_1_237' title='bbox 1223 3343 1273 3407; x_wconf 86' lang='lat' dir='ltr'>hae</span> <span class='ocrx_word' id='word_1_238' title='bbox 1296 3364 1387 3409; x_wconf 86' lang='lat' dir='ltr'>voees</span> 
     </span>
     <span class='ocr_line' id='line_1_27' title="bbox 235 3443 1387 3533; baseline 0.004 -26"><span class='ocrx_word' id='word_1_239' title='bbox 235 3444 469 3529; x_wconf 85' lang='lat' dir='ltr'>Apostolorum,</span> <span class='ocrx_word' id='word_1_240' title='bbox 499 3446 548 3508; x_wconf 85' lang='lat' dir='ltr'>hae</span> <span class='ocrx_word' id='word_1_241' title='bbox 575 3466 667 3509; x_wconf 85' lang='lat' dir='ltr'>voees</span> <span class='ocrx_word' id='word_1_242' title='bbox 690 3443 912 3530; x_wconf 84' lang='lat' dir='ltr'>discipulorum</span> <span class='ocrx_word' id='word_1_243' title='bbox 938 3443 1077 3521; x_wconf 78' lang='lat' dir='ltr'>Domini,</span> <span class='ocrx_word' id='word_1_244' title='bbox 1103 3469 1211 3511; x_wconf 92' lang='lat' dir='ltr'>eorum</span> <span class='ocrx_word' id='word_1_245' title='bbox 1236 3447 1288 3533; x_wconf 90' lang='lat' dir='ltr'>qui</span> <span class='ocrx_word' id='word_1_246' title='bbox 1315 3457 1387 3533; x_wconf 88' lang='lat' dir='ltr'>post</span> 
     </span>
     <span class='ocr_line' id='line_1_28' title="bbox 233 3547 1388 3634; baseline 0.005 -24"><span class='ocrx_word' id='word_1_247' title='bbox 233 3547 457 3612; x_wconf 82' lang='lat' dir='ltr'>assumtionem</span> <span class='ocrx_word' id='word_1_248' title='bbox 483 3547 612 3613; x_wconf 91' lang='lat' dir='ltr'>Domini</span> <span class='ocrx_word' id='word_1_249' title='bbox 642 3570 697 3633; x_wconf 90' lang='lat' dir='ltr'>per</span> <span class='ocrx_word' id='word_1_250' title='bbox 722 3547 872 3634; x_wconf 86' lang='lat' dir='ltr'>Spiritum</span> <span class='ocrx_word' id='word_1_251' title='bbox 900 3556 932 3611; x_wconf 94' lang='lat' dir='ltr'>et</span> <span class='ocrx_word' id='word_1_252' title='bbox 966 3549 1097 3633; x_wconf 85' lang='lat' dir='ltr'>perlecti</span> <span class='ocrx_word' id='word_1_253' title='bbox 1129 3550 1327 3628; x_wconf 87' lang='lat' dir='ltr'>exstiterunt,</span> <span class='ocrx_word' id='word_1_254' title='bbox 1354 3559 1388 3616; x_wconf 92' lang='lat' dir='ltr'>et</span> 
     </span>
     <span class='ocr_line' id='line_1_29' title="bbox 234 3648 1388 3738; baseline 0.003 -26"><span class='ocrx_word' id='word_1_255' title='bbox 234 3648 453 3714; x_wconf 86' lang='lat' dir='ltr'>invocaverunt</span> <span class='ocrx_word' id='word_1_256' title='bbox 476 3650 580 3715; x_wconf 91' lang='lat' dir='ltr'>Deum</span> <span class='ocrx_word' id='word_1_257' title='bbox 600 3650 651 3736; x_wconf 93' lang='lat' dir='ltr'>qui</span> <span class='ocrx_word' id='word_1_258' title='bbox 675 3649 750 3714; x_wconf 86' lang='lat' dir='ltr'>fecit</span> <span class='ocrx_word' id='word_1_259' title='bbox 771 3648 885 3714; x_wconf 90' lang='lat' dir='ltr'>ooelum</span> <span class='ocrx_word' id='word_1_260' title='bbox 905 3659 938 3715; x_wconf 89' lang='lat' dir='ltr'>et</span> <span class='ocrx_word' id='word_1_261' title='bbox 954 3658 1071 3715; x_wconf 90' lang='lat' dir='ltr'>terram</span> <span class='ocrx_word' id='word_1_262' title='bbox 1094 3661 1126 3715; x_wconf 91' lang='lat' dir='ltr'>et</span> <span class='ocrx_word' id='word_1_263' title='bbox 1146 3674 1241 3730; x_wconf 90' lang='lat' dir='ltr'>mare,</span> <span class='ocrx_word' id='word_1_264' title='bbox 1257 3652 1308 3738; x_wconf 92' lang='lat' dir='ltr'>qui</span> <span class='ocrx_word' id='word_1_265' title='bbox 1332 3674 1388 3738; x_wconf 91' lang='lat' dir='ltr'>per</span> 
     </span>
     <span class='ocr_line' id='line_1_30' title="bbox 231 3752 1385 3844; baseline 0.002 -28"><span class='ocrx_word' id='word_1_266' title='bbox 231 3754 399 3841; x_wconf 90' lang='lat' dir='ltr'>prophetas</span> <span class='ocrx_word' id='word_1_267' title='bbox 421 3753 625 3817; x_wconf 89' lang='lat' dir='ltr'>annuntiatus</span> <span class='ocrx_word' id='word_1_268' title='bbox 646 3762 705 3831; x_wconf 87' lang='lat' dir='ltr'>est,</span> <span class='ocrx_word' id='word_1_269' title='bbox 721 3761 753 3817; x_wconf 87' lang='lat' dir='ltr'>et</span> <span class='ocrx_word' id='word_1_270' title='bbox 774 3755 842 3839; x_wconf 86' lang='lat' dir='ltr'>ejus</span> <span class='ocrx_word' id='word_1_271' title='bbox 864 3752 965 3817; x_wconf 89' lang='lat' dir='ltr'>Filius</span> <span class='ocrx_word' id='word_1_272' title='bbox 980 3753 1003 3816; x_wconf 90' lang='lat' dir='ltr'><strong>J</strong></span> <span class='ocrx_word' id='word_1_273' title='bbox 1006 3776 1078 3819; x_wconf 90' lang='lat' dir='ltr'>esus</span> <span class='ocrx_word' id='word_1_274' title='bbox 1095 3755 1230 3844; x_wconf 88' lang='lat' dir='ltr'>[Filium</span> <span class='ocrx_word' id='word_1_275' title='bbox 1245 3755 1267 3819; x_wconf 90' lang='lat' dir='ltr'><strong>J</strong></span> <span class='ocrx_word' id='word_1_276' title='bbox 1270 3754 1385 3842; x_wconf 73' lang='lat' dir='ltr'>esuml,</span> 
     </span>
     <span class='ocr_line' id='line_1_31' title="bbox 231 3853 1388 3939; baseline 0.003 -23"><span class='ocrx_word' id='word_1_277' title='bbox 231 3874 324 3939; x_wconf 91' lang='lat' dir='ltr'>quem</span> <span class='ocrx_word' id='word_1_278' title='bbox 346 3853 437 3918; x_wconf 88' lang='lat' dir='ltr'>unxit</span> <span class='ocrx_word' id='word_1_279' title='bbox 460 3853 558 3931; x_wconf 89' lang='lat' dir='ltr'>Deus,</span> <span class='ocrx_word' id='word_1_280' title='bbox 574 3861 606 3918; x_wconf 90' lang='lat' dir='ltr'>et</span> <span class='ocrx_word' id='word_1_281' title='bbox 626 3853 758 3916; x_wconf 88' lang='lat' dir='ltr'>alterum</span> <span class='ocrx_word' id='word_1_282' title='bbox 773 3860 880 3916; x_wconf 88' lang='lat' dir='ltr'>autem</span> <span class='ocrx_word' id='word_1_283' title='bbox 896 3853 1080 3918; x_wconf 85' lang='lat' dir='ltr'>nescientes.</span> <span class='ocrx_word' id='word_1_284' title='bbox 1121 3853 1193 3919; x_wconf 91' lang='lat' dir='ltr'>Nou</span> <span class='ocrx_word' id='word_1_285' title='bbox 1214 3854 1299 3919; x_wconf 90' lang='lat' dir='ltr'>euim</span> <span class='ocrx_word' id='word_1_286' title='bbox 1320 3864 1388 3919; x_wconf 88' lang='lat' dir='ltr'>erat</span> 
     </span>
     <span class='ocr_line' id='line_1_32' title="bbox 231 3954 1384 4043; baseline 0.003 -25"><span class='ocrx_word' id='word_1_287' title='bbox 231 3955 274 4018; x_wconf 92' lang='lat' dir='ltr'>ibi</span> <span class='ocrx_word' id='word_1_288' title='bbox 296 3964 371 4022; x_wconf 83' lang='lat' dir='ltr'>tunc</span> <span class='ocrx_word' id='word_1_289' title='bbox 388 3956 587 4034; x_wconf 82' lang='lat' dir='ltr'>Valentinus,</span> <span class='ocrx_word' id='word_1_290' title='bbox 603 3979 661 4021; x_wconf 88' lang='lat' dir='ltr'>neo</span> <span class='ocrx_word' id='word_1_291' title='bbox 685 3955 841 4032; x_wconf 82' lang='lat' dir='ltr'>Marcion,</span> <span class='ocrx_word' id='word_1_292' title='bbox 857 3976 914 4019; x_wconf 90' lang='lat' dir='ltr'>neo</span> <span class='ocrx_word' id='word_1_293' title='bbox 936 3954 1047 4042; x_wconf 91' lang='lat' dir='ltr'>reliqui</span> <span class='ocrx_word' id='word_1_294' title='bbox 1070 3957 1118 4020; x_wconf 90' lang='lat' dir='ltr'>sui</span> <span class='ocrx_word' id='word_1_295' title='bbox 1134 3956 1182 4023; x_wconf 89' lang='lat' dir='ltr'>vel</span> <span class='ocrx_word' id='word_1_296' title='bbox 1203 3979 1310 4022; x_wconf 89' lang='lat' dir='ltr'>eorum</span> <span class='ocrx_word' id='word_1_297' title='bbox 1332 3957 1384 4043; x_wconf 93' lang='lat' dir='ltr'>qui</span> 
     </span>
     <span class='ocr_line' id='line_1_33' title="bbox 231 4057 1386 4142; baseline 0.003 -23"><span class='ocrx_word' id='word_1_298' title='bbox 231 4059 406 4123; x_wconf 88' lang='lat' dir='ltr'>assentiunt</span> <span class='ocrx_word' id='word_1_299' title='bbox 427 4059 475 4124; x_wconf 90' lang='lat' dir='ltr'>eis</span> <span class='ocrx_word' id='word_1_300' title='bbox 495 4081 663 4124; x_wconf 86' lang='lat' dir='ltr'>eversores.</span> <span class='ocrx_word' id='word_1_301' title='bbox 718 4058 854 4142; x_wconf 89' lang='lat' dir='ltr'>Propter</span> <span class='ocrx_word' id='word_1_302' title='bbox 875 4057 959 4141; x_wconf 89' lang='lat' dir='ltr'>quod</span> <span class='ocrx_word' id='word_1_303' title='bbox 980 4065 1013 4121; x_wconf 92' lang='lat' dir='ltr'>et</span> <span class='ocrx_word' id='word_1_304' title='bbox 1035 4059 1194 4123; x_wconf 83' lang='lat' dir='ltr'>exaudivit</span> <span class='ocrx_word' id='word_1_305' title='bbox 1214 4081 1269 4125; x_wconf 88' lang='lat' dir='ltr'>eos</span> <span class='ocrx_word' id='word_1_306' title='bbox 1287 4060 1386 4124; x_wconf 85' lang='lat' dir='ltr'>laetor</span> 
     </span>
     <span class='ocr_line' id='line_1_34' title="bbox 231 4159 1386 4250; baseline 0.005 -27"><span class='ocrx_word' id='word_1_307' title='bbox 231 4162 369 4225; x_wconf 88' lang='lat' dir='ltr'>omnium</span> <span class='ocrx_word' id='word_1_308' title='bbox 399 4162 497 4229; x_wconf 88' lang='lat' dir='ltr'>Deus.</span> <span class='ocrx_word' id='word_1_309' title='bbox 543 4165 709 4228; x_wconf 79' lang='lat' dir='ltr'>Oomnwtru</span> <span class='ocrx_word' id='word_1_310' title='bbox 735 4170 777 4225; x_wconf 81' lang='lat' dir='ltr'>eat</span> <span class='ocrx_word' id='word_1_311' title='bbox 800 4160 891 4238; x_wconf 81' lang='lat' dir='ltr'>euim,</span> <span class='ocrx_word' id='word_1_312' title='bbox 919 4159 1029 4244; x_wconf 89' lang='lat' dir='ltr'>inquit,</span> <span class='ocrx_word' id='word_1_313' title='bbox 1055 4162 1143 4241; x_wconf 75' lang='lat' dir='ltr'>locus,</span> <span class='ocrx_word' id='word_1_314' title='bbox 1167 4164 1202 4227; x_wconf 83' lang='grc' dir='ltr'>ιἰι</span> <span class='ocrx_word' id='word_1_315' title='bbox 1221 4187 1278 4250; x_wconf 85' lang='lat' dir='ltr'>quo</span> <span class='ocrx_word' id='word_1_316' title='bbox 1298 4174 1386 4229; x_wconf 77' lang='lat' dir='ltr'>eraut</span> 
     </span>
    </p>
   </div>
   <div class='ocr_carea' id='block_1_8' title="bbox 229 4381 1385 4536">
    <p class='ocr_par' dir='ltr' id='par_1_13' title="bbox 229 4381 1385 4536">
     <span class='ocr_line' id='line_1_35' title="bbox 278 4381 1381 4452; baseline 0.006 -21"><span class='ocrx_word' id='word_1_317' title='bbox 278 4381 288 4413; x_wconf 88' lang='lat'>¹</span> <span class='ocrx_word' id='word_1_318' title='bbox 305 4383 384 4432; x_wconf 81' lang='lat' dir='ltr'>These</span> <span class='ocrx_word' id='word_1_319' title='bbox 396 4386 475 4435; x_wconf 84' lang='lat' dir='ltr'>words</span> <span class='ocrx_word' id='word_1_320' title='bbox 487 4403 528 4436; x_wconf 82' lang='lat' dir='ltr'>are</span> <span class='ocrx_word' id='word_1_321' title='bbox 540 4404 572 4436; x_wconf 90' lang='lat' dir='ltr'>no</span> <span class='ocrx_word' id='word_1_322' title='bbox 584 4387 683 4452; x_wconf 83' lang='lat' dir='ltr'>portion</span> <span class='ocrx_word' id='word_1_323' title='bbox 699 4385 727 4434; x_wconf 84' lang='lat' dir='ltr'>ol</span> <span class='ocrx_word' id='word_1_324' title='bbox 740 4384 783 4433; x_wconf 83' lang='lat' dir='ltr'>tlro</span> <span class='ocrx_word' id='word_1_325' title='bbox 832 4388 878 4432; x_wconf 88' lang='lat' dir='ltr'>not</span> <span class='ocrx_word' id='word_1_326' title='bbox 889 4398 916 4431; x_wconf 82' lang='lat' dir='ltr'>so</span> <span class='ocrx_word' id='word_1_327' title='bbox 927 4383 1041 4432; x_wconf 83' lang='lat' dir='ltr'>however</span> <span class='ocrx_word' id='word_1_328' title='bbox 1052 4386 1094 4433; x_wconf 86' lang='lat' dir='ltr'>tho</span> <span class='ocrx_word' id='word_1_329' title='bbox 1106 4386 1186 4435; x_wconf 85' lang='lat' dir='ltr'>words</span> <span class='ocrx_word' id='word_1_330' title='bbox 1198 4387 1284 4436; x_wconf 80' lang='lat' dir='ltr'>Patris</span> <span class='ocrx_word' id='word_1_331' title='bbox 1298 4388 1381 4440; x_wconf 67' lang='lat' dir='ltr'>aedri.</span> 
     </span>
     <span class='ocr_line' id='line_1_36' title="bbox 229 4463 1385 4536; baseline 0.011 -26"><span class='ocrx_word' id='word_1_332' title='bbox 229 4470 328 4526; x_wconf 73' lang='lat' dir='ltr'>present</span> <span class='ocrx_word' id='word_1_333' title='bbox 335 4466 449 4524; x_wconf 83' lang='lat' dir='ltr'>text‚but</span> <span class='ocrx_word' id='word_1_334' title='bbox 457 4469 699 4536; x_wconf 79' lang='lat' dir='ltr'>thoyaroexprussed</span> <span class='ocrx_word' id='word_1_335' title='bbox 706 4471 732 4519; x_wconf 90' lang='lat' dir='ltr'>in</span> <span class='ocrx_word' id='word_1_336' title='bbox 739 4471 783 4520; x_wconf 88' lang='lat' dir='ltr'>the</span> <span class='ocrx_word' id='word_1_337' title='bbox 881 4463 936 4514; x_wconf 62' lang='grc' dir='ltr'>’ἰν</span> <span class='ocrx_word' id='word_1_338' title='bbox 955 4465 1001 4516; x_wconf 68' lang='lat' dir='ltr'>lac</span> <span class='ocrx_word' id='word_1_339' title='bbox 1018 4467 1119 4528; x_wconf 65' lang='grc' dir='ltr'>θὶνθαίε,</span> <span class='ocrx_word' id='word_1_340' title='bbox 1142 4469 1222 4518; x_wconf 70' lang='lat' dir='ltr'>words</span> <span class='ocrx_word' id='word_1_341' title='bbox 1241 4471 1385 4534; x_wconf 76' lang='lat' dir='ltr'>reoognised</span> 
     </span>
    </p>
   </div>
   <div class='ocr_carea' id='block_1_9' title="bbox 230 4532 1384 4639">
    <p class='ocr_par' dir='ltr' id='par_1_14' title="bbox 230 4532 1384 4639">
     <span class='ocr_line' id='line_1_37' title="bbox 230 4532 1384 4639; baseline 0.024 -46"><span class='ocrx_word' id='word_1_342' title='bbox 230 4546 317 4610; x_wconf 78' lang='lat' dir='ltr'>Syriae</span> <span class='ocrx_word' id='word_1_343' title='bbox 328 4549 434 4610; x_wconf 86' lang='lat' dir='ltr'>version,</span> <span class='ocrx_word' id='word_1_344' title='bbox 452 4551 502 4598; x_wconf 85' lang='lat' dir='ltr'>and</span> <span class='ocrx_word' id='word_1_345' title='bbox 518 4567 586 4601; x_wconf 85' lang='lat' dir='ltr'>sorno</span> <span class='ocrx_word' id='word_1_346' title='bbox 597 4555 681 4605; x_wconf 83' lang='lat' dir='ltr'>Greek</span> <span class='ocrx_word' id='word_1_347' title='bbox 691 4556 768 4607; x_wconf 83' lang='lat' dir='ltr'>MSS.</span> <span class='ocrx_word' id='word_1_348' title='bbox 773 4573 781 4619; x_wconf 89' lang='lat'>;</span> <span class='ocrx_word' id='word_1_349' title='bbox 831 4564 904 4628; x_wconf 76' lang='lat' dir='ltr'>again</span> <span class='ocrx_word' id='word_1_350' title='bbox 916 4565 942 4613; x_wconf 86' lang='lat' dir='ltr'>in</span> <span class='ocrx_word' id='word_1_351' title='bbox 953 4565 996 4614; x_wconf 80' lang='lat' dir='ltr'>the</span> <span class='ocrx_word' id='word_1_352' title='bbox 1008 4564 1102 4630; x_wconf 78' lang='lat' dir='ltr'>Syriae,</span> <span class='ocrx_word' id='word_1_353' title='bbox 1120 4532 1189 4626; x_wconf 75' lang='lat' dir='ltr'>l20&#39;l</span> <span class='ocrx_word' id='word_1_354' title='bbox 1209 4532 1384 4639; x_wconf 61' lang='lat' dir='ltr'>ltu-,302</span> 
     </span>
    </p>
   </div>
   <div class='ocr_carea' id='block_1_10' title="bbox 0 0 1504 4994">
    <p class='ocr_par' dir='ltr' id='par_1_15' title="bbox 0 0 1504 4994">
     <span class='ocr_line' id='line_1_38' title="bbox 0 0 1504 4994; baseline 0 4"><span class='ocrx_word' id='word_1_355' title='bbox 0 0 1504 4994; x_wconf 95' lang='lat' dir='ltr'> </span> 
     </span>
    </p>
   </div>
  </div>
 </body>
</html>
