<?xml version="1.0" encoding="UTF-8"?>
<!DOCTYPE html PUBLIC "-//W3C//DTD XHTML 1.0 Transitional//EN"
    "http://www.w3.org/TR/xhtml1/DTD/xhtml1-transitional.dtd">
<html xmlns="http://www.w3.org/1999/xhtml" xml:lang="en" lang="en">
 <head>
  <title>
</title>
<meta http-equiv="Content-Type" content="text/html;charset=utf-8" />
  <meta name='ocr-system' content='tesseract 3.04.00' />
  <meta name='ocr-capabilities' content='ocr_page ocr_carea ocr_par ocr_line ocrx_word'/>
</head>
<body>
  <div class='ocr_page' id='page_1' title='image "./sanctiirenaeiep00harvgoog_0094.png"; bbox 0 0 3000 4994; ppageno 0'>
   <div class='ocr_carea' id='block_1_1' title="bbox 420 371 1251 434">
    <p class='ocr_par' dir='ltr' id='par_1_1' title="bbox 420 371 1251 434">
     <span class='ocr_line' id='line_1_1' title="bbox 420 371 1251 434; baseline 0.004 -3"><span class='ocrx_word' id='word_1_1' title='bbox 420 380 743 432; x_wconf 77' lang='lat' dir='ltr'><strong>surunoronoem</strong></span> <span class='ocrx_word' id='word_1_2' title='bbox 770 382 931 434; x_wconf 83' lang='lat' dir='ltr'><strong>cnmsrr.</strong></span> <span class='ocrx_word' id='word_1_3' title='bbox 1208 371 1251 434; x_wconf 87' lang='lat'><strong>83</strong></span> 
     </span>
    </p>
   </div>
   <div class='ocr_carea' id='block_1_2' title="bbox 98 532 1391 643">
    <p class='ocr_par' dir='ltr' id='par_1_2' title="bbox 98 532 1391 643">
     <span class='ocr_line' id='line_1_2' title="bbox 98 532 1391 643; baseline 0.001 -47"><span class='ocrx_word' id='word_1_4' title='bbox 98 532 269 597; x_wconf 86' lang='lat' dir='ltr'><strong>seeundum</strong></span> <span class='ocrx_word' id='word_1_5' title='bbox 298 533 465 614; x_wconf 89' lang='lat' dir='ltr'><strong>hominem,</strong></span> <span class='ocrx_word' id='word_1_6' title='bbox 496 538 728 624; x_wconf 81' lang='lat' dir='ltr'><strong>generationem</strong></span> <span class='ocrx_word' id='word_1_7' title='bbox 757 540 824 624; x_wconf 83' lang='lat' dir='ltr'><strong>ejus</strong></span> <span class='ocrx_word' id='word_1_8' title='bbox 853 561 893 603; x_wconf 84' lang='lat' dir='ltr'><strong>ex</strong></span> <span class='ocrx_word' id='word_1_9' title='bbox 917 537 1049 625; x_wconf 84' lang='lat' dir='ltr'><strong>Virgine</strong></span> <span class='ocrx_word' id='word_1_10' title='bbox 1082 560 1249 625; x_wconf 87' lang='lat' dir='ltr'><strong>exponens,</strong></span> <span class='ocrx_word' id='word_1_11' title='bbox 1287 559 1391 643; x_wconf 53' lang='lat' dir='ltr'><strong>uppirln.</strong></span> 
     </span>
    </p>
   </div>
   <div class='ocr_carea' id='block_1_3' title="bbox 49 635 1415 3286">
    <p class='ocr_par' dir='ltr' id='par_1_3' title="bbox 89 635 1415 2775">
     <span class='ocr_line' id='line_1_3' title="bbox 97 635 1415 736; baseline 0.005 -38"><span class='ocrx_word' id='word_1_12' title='bbox 97 635 179 699; x_wconf 80' lang='lat' dir='ltr'><strong>sicut</strong></span> <span class='ocrx_word' id='word_1_13' title='bbox 200 636 343 722; x_wconf 77' lang='lat' dir='ltr'><strong>promisit</strong></span> <span class='ocrx_word' id='word_1_14' title='bbox 364 637 452 702; x_wconf 89' lang='lat' dir='ltr'><strong>Deus</strong></span> <span class='ocrx_word' id='word_1_15' title='bbox 471 639 574 703; x_wconf 88' lang='lat' dir='ltr'><strong>David</strong></span> <span class='ocrx_word' id='word_1_16' title='bbox 594 662 634 704; x_wconf 89' lang='lat' dir='ltr'><strong>ex</strong></span> <span class='ocrx_word' id='word_1_17' title='bbox 650 642 752 705; x_wconf 82' lang='lat' dir='ltr'><strong>fructu</strong></span> <span class='ocrx_word' id='word_1_18' title='bbox 767 641 883 706; x_wconf 84' lang='lat' dir='ltr'><strong>ventris</strong></span> <span class='ocrx_word' id='word_1_19' title='bbox 903 647 971 723; x_wconf 87' lang='lat' dir='ltr'><strong>ejus</strong></span> <span class='ocrx_word' id='word_1_20' title='bbox 990 641 1199 706; x_wconf 83' lang='lat' dir='ltr'><strong>excitaturum</strong></span> <span class='ocrx_word' id='word_1_21' title='bbox 1217 662 1250 705; x_wconf 86' lang='lat' dir='ltr'><strong>se</strong></span> <span class='ocrx_word' id='word_1_22' title='bbox 1263 651 1415 736; x_wconf 53' lang='lat' dir='ltr'><strong>‘fflggpppli-</strong></span> 
     </span>
     <span class='ocr_line' id='line_1_4' title="bbox 96 739 1371 828; baseline 0.005 -28"><span class='ocrx_word' id='word_1_23' title='bbox 96 746 249 801; x_wconf 78' lang='lat' dir='ltr'><strong>aeternum</strong></span> <span class='ocrx_word' id='word_1_24' title='bbox 272 739 401 825; x_wconf 85' lang='lat' dir='ltr'><strong>Regem,</strong></span> <span class='ocrx_word' id='word_1_25' title='bbox 431 741 529 806; x_wconf 90' lang='lat' dir='ltr'><strong>multo</strong></span> <span class='ocrx_word' id='word_1_26' title='bbox 552 742 638 826; x_wconf 91' lang='lat' dir='ltr'><strong>prius</strong></span> <span class='ocrx_word' id='word_1_27' title='bbox 663 743 800 808; x_wconf 84' lang='lat' dir='ltr'><strong>Abrahae</strong></span> <span class='ocrx_word' id='word_1_28' title='bbox 825 743 955 808; x_wconf 87' lang='lat' dir='ltr'><strong>eandem</strong></span> <span class='ocrx_word' id='word_1_29' title='bbox 979 742 1097 807; x_wconf 81' lang='lat' dir='ltr'><strong>faciens</strong></span> <span class='ocrx_word' id='word_1_30' title='bbox 1120 743 1250 828; x_wconf 90' lang='lat' dir='ltr'><strong>promis·</strong></span> <span class='ocrx_word' id='word_1_31' title='bbox 1303 743 1371 782; x_wconf 50' lang='lat'><strong>”2²-</strong></span> 
     </span>
     <span class='ocr_line' id='line_1_5' title="bbox 96 839 1414 937; baseline 0.005 -34"><span class='ocrx_word' id='word_1_32' title='bbox 96 839 226 918; x_wconf 87' lang='lat' dir='ltr'><strong>sionem,</strong></span> <span class='ocrx_word' id='word_1_33' title='bbox 253 841 316 905; x_wconf 89' lang='lat' dir='ltr'><strong>ait:</strong></span> <span class='ocrx_word' id='word_1_34' title='bbox 347 841 443 906; x_wconf 81' lang='lat' dir='ltr'><strong>Liber</strong></span> <span class='ocrx_word' id='word_1_35' title='bbox 462 845 668 928; x_wconf 64' lang='lat' dir='ltr'><strong>uenerationis</strong></span> <span class='ocrx_word' id='word_1_36' title='bbox 690 844 765 908; x_wconf 88' lang='lat' dir='ltr'><strong>Jesu</strong></span> <span class='ocrx_word' id='word_1_37' title='bbox 797 844 922 922; x_wconf 74' lang='lat' dir='ltr'><strong>Christi,</strong></span> <span class='ocrx_word' id='word_1_38' title='bbox 943 845 1013 926; x_wconf 77' lang='lat' dir='ltr'><strong>filu·</strong></span> <span class='ocrx_word' id='word_1_39' title='bbox 1040 844 1159 922; x_wconf 87' lang='lat' dir='ltr'><strong>Dauid,</strong></span> <span class='ocrx_word' id='word_1_40' title='bbox 1181 845 1251 925; x_wconf 84' lang='lat' dir='ltr'><strong>filii</strong></span> <span class='ocrx_word' id='word_1_41' title='bbox 1264 851 1414 937; x_wconf 55' lang='lat' dir='ltr'><strong>ff3fgp¹l3¹l</strong></span> 
     </span>
     <span class='ocr_line' id='line_1_6' title="bbox 98 941 1250 1033; baseline 0.003 -27"><span class='ocrx_word' id='word_1_42' title='bbox 98 941 270 1010; x_wconf 76' lang='lat' dir='ltr'><strong>Abraham.</strong></span> <span class='ocrx_word' id='word_1_43' title='bbox 316 944 439 1008; x_wconf 89' lang='lat' dir='ltr'><strong>Dehine</strong></span> <span class='ocrx_word' id='word_1_44' title='bbox 466 954 502 1009; x_wconf 91' lang='lat' dir='ltr'><strong>ut</strong></span> <span class='ocrx_word' id='word_1_45' title='bbox 524 945 669 1012; x_wconf 82' lang='lat' dir='ltr'><strong>liberaret</strong></span> <span class='ocrx_word' id='word_1_46' title='bbox 692 955 829 1011; x_wconf 86' lang='lat' dir='ltr'><strong>mentem</strong></span> <span class='ocrx_word' id='word_1_47' title='bbox 858 955 998 1011; x_wconf 87' lang='lat' dir='ltr'><strong>nostram</strong></span> <span class='ocrx_word' id='word_1_48' title='bbox 1026 969 1047 1010; x_wconf 89' lang='lat' dir='ltr'><strong>a</strong></span> <span class='ocrx_word' id='word_1_49' title='bbox 1074 947 1250 1033; x_wconf 83' lang='lat' dir='ltr'><strong>suspicione</strong></span> 
     </span>
     <span class='ocr_line' id='line_1_7' title="bbox 99 1047 1380 1150; baseline 0.002 -41"><span class='ocrx_word' id='word_1_50' title='bbox 99 1068 169 1131; x_wconf 84' lang='lat' dir='ltr'><strong>quae</strong></span> <span class='ocrx_word' id='word_1_51' title='bbox 184 1055 233 1110; x_wconf 90' lang='lat' dir='ltr'><strong>est</strong></span> <span class='ocrx_word' id='word_1_52' title='bbox 248 1047 330 1111; x_wconf 88' lang='lat' dir='ltr'><strong>circa</strong></span> <span class='ocrx_word' id='word_1_53' title='bbox 342 1047 473 1133; x_wconf 77' lang='lat' dir='ltr'><strong>loseph,</strong></span> <span class='ocrx_word' id='word_1_54' title='bbox 489 1048 553 1113; x_wconf 91' lang='lat' dir='ltr'><strong>ait:</strong></span> <span class='ocrx_word' id='word_1_55' title='bbox 578 1049 712 1113; x_wconf 81' lang='lat' dir='ltr'><strong>¹Clrlsti</strong></span> <span class='ocrx_word' id='word_1_56' title='bbox 726 1060 827 1114; x_wconf 88' lang='lat' dir='ltr'><strong>antem</strong></span> <span class='ocrx_word' id='word_1_57' title='bbox 838 1050 995 1135; x_wconf 67' lang='lat' dir='ltr'><strong>ueneratio</strong></span> <span class='ocrx_word' id='word_1_58' title='bbox 1008 1051 1054 1114; x_wconf 84' lang='lat' dir='ltr'><strong>sic</strong></span> <span class='ocrx_word' id='word_1_59' title='bbox 1069 1059 1145 1113; x_wconf 84' lang='lat' dir='ltr'><strong>erat.</strong></span> <span class='ocrx_word' id='word_1_60' title='bbox 1174 1051 1250 1113; x_wconf 89' lang='lat' dir='ltr'><strong>Cum</strong></span> <span class='ocrx_word' id='word_1_61' title='bbox 1262 1066 1323 1150; x_wconf 57' lang='lat' dir='ltr'><strong>upp-</strong></span> <span class='ocrx_word' id='word_1_62' title='bbox 1333 1065 1346 1103; x_wconf 73' lang='lat' dir='ltr'><strong>i·</strong></span> <span class='ocrx_word' id='word_1_63' title='bbox 1358 1065 1380 1103; x_wconf 72' lang='lat'><strong>¹⁸</strong></span> 
     </span>
     <span class='ocr_line' id='line_1_8' title="bbox 98 1139 1316 1237; baseline 0.002 -25"><span class='ocrx_word' id='word_1_64' title='bbox 98 1159 171 1213; x_wconf 83' lang='lat' dir='ltr'><strong>esset</strong></span> <span class='ocrx_word' id='word_1_65' title='bbox 184 1149 361 1235; x_wconf 75' lang='lat' dir='ltr'><strong>desponsata</strong></span> <span class='ocrx_word' id='word_1_66' title='bbox 376 1161 475 1215; x_wconf 87' lang='lat' dir='ltr'><strong>mater</strong></span> <span class='ocrx_word' id='word_1_67' title='bbox 495 1151 558 1234; x_wconf 73' lang='lat' dir='ltr'><strong>ey&#39;res</strong></span> <span class='ocrx_word' id='word_1_68' title='bbox 574 1150 696 1237; x_wconf 78' lang='lat' dir='ltr'><strong>Joupt,</strong></span> <span class='ocrx_word' id='word_1_69' title='bbox 706 1152 894 1236; x_wconf 84' lang='lat' dir='ltr'><strong>priusquam</strong></span> <span class='ocrx_word' id='word_1_70' title='bbox 908 1153 1109 1227; x_wconf 78' lang='lat' dir='ltr'><strong>conuenirent,</strong></span> <span class='ocrx_word' id='word_1_71' title='bbox 1125 1153 1250 1216; x_wconf 80' lang='lat' dir='ltr'><strong>inuenta</strong></span> <span class='ocrx_word' id='word_1_72' title='bbox 1311 1139 1316 1150; x_wconf 61' lang='grc'><strong>’</strong></span> 
     </span>
     <span class='ocr_line' id='line_1_9' title="bbox 98 1250 1250 1340; baseline 0.002 -26"><span class='ocrx_word' id='word_1_73' title='bbox 98 1252 189 1314; x_wconf 82' lang='lat' dir='ltr'><strong>estin</strong></span> <span class='ocrx_word' id='word_1_74' title='bbox 204 1263 288 1315; x_wconf 88' lang='lat' dir='ltr'><strong>utero</strong></span> <span class='ocrx_word' id='word_1_75' title='bbox 305 1250 415 1315; x_wconf 81' lang='lat' dir='ltr'><strong>labens</strong></span> <span class='ocrx_word' id='word_1_76' title='bbox 433 1253 471 1316; x_wconf 86' lang='lat' dir='ltr'><strong>de</strong></span> <span class='ocrx_word' id='word_1_77' title='bbox 486 1253 610 1337; x_wconf 77' lang='lat' dir='ltr'><strong>Spiritu</strong></span> <span class='ocrx_word' id='word_1_78' title='bbox 627 1262 740 1317; x_wconf 86' lang='lat' dir='ltr'><strong>saneto.</strong></span> <span class='ocrx_word' id='word_1_79' title='bbox 785 1252 908 1316; x_wconf 88' lang='lat' dir='ltr'><strong>Dehine</strong></span> <span class='ocrx_word' id='word_1_80' title='bbox 931 1274 1003 1318; x_wconf 90' lang='lat' dir='ltr'><strong>cum</strong></span> <span class='ocrx_word' id='word_1_81' title='bbox 1026 1252 1147 1339; x_wconf 78' lang='lat' dir='ltr'><strong>loseph</strong></span> <span class='ocrx_word' id='word_1_82' title='bbox 1166 1253 1250 1340; x_wconf 89' lang='lat' dir='ltr'><strong>cogi·</strong></span> 
     </span>
     <span class='ocr_line' id='line_1_10' title="bbox 97 1353 1248 1441; baseline 0.002 -25"><span class='ocrx_word' id='word_1_83' title='bbox 97 1361 179 1418; x_wconf 86' lang='lat' dir='ltr'><strong>taret</strong></span> <span class='ocrx_word' id='word_1_84' title='bbox 194 1353 351 1419; x_wconf 87' lang='lat' dir='ltr'><strong>dimittere</strong></span> <span class='ocrx_word' id='word_1_85' title='bbox 369 1355 515 1432; x_wconf 85' lang='lat' dir='ltr'><strong>Mariam,</strong></span> <span class='ocrx_word' id='word_1_86' title='bbox 531 1355 679 1440; x_wconf 88' lang='lat' dir='ltr'><strong>quoniam</strong></span> <span class='ocrx_word' id='word_1_87' title='bbox 698 1376 864 1441; x_wconf 84' lang='lat' dir='ltr'><strong>praegnans</strong></span> <span class='ocrx_word' id='word_1_88' title='bbox 885 1365 962 1433; x_wconf 88' lang='lat' dir='ltr'><strong>erat,</strong></span> <span class='ocrx_word' id='word_1_89' title='bbox 983 1355 1198 1420; x_wconf 79' lang='lat' dir='ltr'><strong>²assistentem</strong></span> <span class='ocrx_word' id='word_1_90' title='bbox 1219 1356 1248 1419; x_wconf 89' lang='lat' dir='ltr'><strong>ei</strong></span> 
     </span>
     <span class='ocr_line' id='line_1_11' title="bbox 97 1454 1249 1541; baseline 0.003 -24"><span class='ocrx_word' id='word_1_91' title='bbox 97 1454 257 1541; x_wconf 89' lang='lat' dir='ltr'><strong>Angelum</strong></span> <span class='ocrx_word' id='word_1_92' title='bbox 273 1456 344 1534; x_wconf 92' lang='lat' dir='ltr'><strong>Dei,</strong></span> <span class='ocrx_word' id='word_1_93' title='bbox 363 1464 396 1520; x_wconf 87' lang='lat' dir='ltr'><strong>et</strong></span> <span class='ocrx_word' id='word_1_94' title='bbox 413 1457 586 1521; x_wconf 85' lang='lat' dir='ltr'><strong>dicentem:</strong></span> <span class='ocrx_word' id='word_1_95' title='bbox 610 1457 663 1522; x_wconf 84' lang='lat' dir='ltr'><strong>Ne</strong></span> <span class='ocrx_word' id='word_1_96' title='bbox 684 1458 822 1521; x_wconf 71' lang='lat' dir='ltr'><strong>timueris</strong></span> <span class='ocrx_word' id='word_1_97' title='bbox 843 1479 995 1522; x_wconf 79' lang='lat' dir='ltr'><strong>asunnere</strong></span> <span class='ocrx_word' id='word_1_98' title='bbox 1015 1459 1160 1522; x_wconf 84' lang='lat' dir='ltr'><strong>Mariam</strong></span> <span class='ocrx_word' id='word_1_99' title='bbox 1183 1479 1249 1522; x_wconf 89' lang='lat' dir='ltr'><strong>eon-</strong></span> 
     </span>
     <span class='ocr_line' id='line_1_12' title="bbox 89 1557 1249 1646; baseline 0.003 -26"><span class='ocrx_word' id='word_1_100' title='bbox 89 1557 195 1643; x_wconf 74' lang='lat' dir='ltr'><strong>jupem</strong></span> <span class='ocrx_word' id='word_1_101' title='bbox 222 1569 327 1623; x_wconf 90' lang='lat' dir='ltr'><strong>tuam:</strong></span> <span class='ocrx_word' id='word_1_102' title='bbox 357 1560 439 1646; x_wconf 86' lang='lat' dir='ltr'><strong>quod</strong></span> <span class='ocrx_word' id='word_1_103' title='bbox 459 1561 539 1625; x_wconf 81' lang='lat' dir='ltr'><strong>enim</strong></span> <span class='ocrx_word' id='word_1_104' title='bbox 564 1560 652 1625; x_wconf 82' lang='lat' dir='ltr'><strong>labet</strong></span> <span class='ocrx_word' id='word_1_105' title='bbox 681 1562 717 1625; x_wconf 80' lang='lat' dir='ltr'><strong>ln</strong></span> <span class='ocrx_word' id='word_1_106' title='bbox 739 1571 833 1638; x_wconf 88' lang='lat' dir='ltr'><strong>utero,</strong></span> <span class='ocrx_word' id='word_1_107' title='bbox 858 1562 895 1625; x_wconf 83' lang='lat' dir='ltr'><strong>de</strong></span> <span class='ocrx_word' id='word_1_108' title='bbox 921 1562 1045 1646; x_wconf 77' lang='lat' dir='ltr'><strong>Spiritu</strong></span> <span class='ocrx_word' id='word_1_109' title='bbox 1069 1571 1171 1626; x_wconf 85' lang='lat' dir='ltr'><strong>saneto</strong></span> <span class='ocrx_word' id='word_1_110' title='bbox 1196 1571 1249 1625; x_wconf 86' lang='lat' dir='ltr'><strong>est.</strong></span> 
     </span>
     <span class='ocr_line' id='line_1_13' title="bbox 95 1661 1250 1748; baseline 0.002 -24"><span class='ocrx_word' id='word_1_111' title='bbox 95 1661 210 1725; x_wconf 83' lang='lat' dir='ltr'><strong>Pariet</strong></span> <span class='ocrx_word' id='word_1_112' title='bbox 234 1673 335 1726; x_wconf 85' lang='lat' dir='ltr'><strong>autem</strong></span> <span class='ocrx_word' id='word_1_113' title='bbox 357 1663 489 1739; x_wconf 82' lang='lat' dir='ltr'><strong>Filium,</strong></span> <span class='ocrx_word' id='word_1_114' title='bbox 515 1673 544 1728; x_wconf 85' lang='lat' dir='ltr'><strong>et</strong></span> <span class='ocrx_word' id='word_1_115' title='bbox 567 1663 685 1728; x_wconf 84' lang='lat' dir='ltr'><strong>eoealis</strong></span> <span class='ocrx_word' id='word_1_116' title='bbox 709 1685 814 1728; x_wconf 84' lang='lat' dir='ltr'><strong>nomen</strong></span> <span class='ocrx_word' id='word_1_117' title='bbox 843 1665 907 1748; x_wconf 81' lang='lat' dir='ltr'><strong>ejus</strong></span> <span class='ocrx_word' id='word_1_118' title='bbox 933 1665 1061 1728; x_wconf 86' lang='lat' dir='ltr'><strong>Jesum:</strong></span> <span class='ocrx_word' id='word_1_119' title='bbox 1091 1664 1140 1728; x_wconf 83' lang='lat' dir='ltr'><strong>lie</strong></span> <span class='ocrx_word' id='word_1_120' title='bbox 1169 1664 1250 1728; x_wconf 84' lang='lat' dir='ltr'><strong>enim</strong></span> 
     </span>
     <span class='ocr_line' id='line_1_14' title="bbox 95 1762 1250 1852; baseline 0.003 -26"><span class='ocrx_word' id='word_1_121' title='bbox 95 1762 228 1827; x_wconf 80' lang='lat' dir='ltr'><strong>salvabit</strong></span> <span class='ocrx_word' id='word_1_122' title='bbox 242 1766 393 1849; x_wconf 63' lang='lat' dir='ltr'><strong>paralum</strong></span> <span class='ocrx_word' id='word_1_123' title='bbox 406 1787 494 1829; x_wconf 88' lang='lat' dir='ltr'><strong>snum</strong></span> <span class='ocrx_word' id='word_1_124' title='bbox 514 1789 535 1830; x_wconf 89' lang='lat' dir='ltr'><strong>a</strong></span> <span class='ocrx_word' id='word_1_125' title='bbox 550 1767 686 1852; x_wconf 79' lang='lat' dir='ltr'><strong>pereatis</strong></span> <span class='ocrx_word' id='word_1_126' title='bbox 700 1768 773 1830; x_wconf 86' lang='lat' dir='ltr'><strong>suls.</strong></span> <span class='ocrx_word' id='word_1_127' title='bbox 817 1767 884 1830; x_wconf 79' lang='lat' dir='ltr'><strong>Hoc</strong></span> <span class='ocrx_word' id='word_1_128' title='bbox 897 1776 998 1830; x_wconf 84' lang='lat' dir='ltr'><strong>autem</strong></span> <span class='ocrx_word' id='word_1_129' title='bbox 1011 1769 1137 1851; x_wconf 86' lang='lat' dir='ltr'><strong>factum</strong></span> <span class='ocrx_word' id='word_1_130' title='bbox 1150 1776 1200 1844; x_wconf 88' lang='lat' dir='ltr'><strong>est,</strong></span> <span class='ocrx_word' id='word_1_131' title='bbox 1216 1775 1250 1829; x_wconf 87' lang='lat' dir='ltr'><strong>ut</strong></span> 
     </span>
     <span class='ocr_line' id='line_1_15' title="bbox 96 1865 1248 1955; baseline 0.004 -28"><span class='ocrx_word' id='word_1_132' title='bbox 96 1865 276 1950; x_wconf 66' lang='lat' dir='ltr'><strong>inpleretur</strong></span> <span class='ocrx_word' id='word_1_133' title='bbox 307 1867 388 1953; x_wconf 82' lang='lat' dir='ltr'><strong>quod</strong></span> <span class='ocrx_word' id='word_1_134' title='bbox 421 1868 535 1932; x_wconf 80' lang='lat' dir='ltr'><strong>dictum</strong></span> <span class='ocrx_word' id='word_1_135' title='bbox 565 1879 608 1932; x_wconf 86' lang='lat' dir='ltr'><strong>est</strong></span> <span class='ocrx_word' id='word_1_136' title='bbox 632 1891 654 1932; x_wconf 91' lang='lat' dir='ltr'><strong>a</strong></span> <span class='ocrx_word' id='word_1_137' title='bbox 679 1869 811 1933; x_wconf 83' lang='lat' dir='ltr'><strong>Domino</strong></span> <span class='ocrx_word' id='word_1_138' title='bbox 839 1891 896 1955; x_wconf 82' lang='lat' dir='ltr'><strong>per</strong></span> <span class='ocrx_word' id='word_1_139' title='bbox 926 1870 1128 1954; x_wconf 75' lang='lat' dir='ltr'><strong>prophetam:</strong></span> <span class='ocrx_word' id='word_1_140' title='bbox 1160 1870 1248 1945; x_wconf 83' lang='lat' dir='ltr'><strong>Eece,</strong></span> 
     </span>
     <span class='ocr_line' id='line_1_16' title="bbox 96 1970 1251 2058; baseline 0.002 -26"><span class='ocrx_word' id='word_1_141' title='bbox 96 1970 182 2055; x_wconf 72' lang='lat' dir='ltr'><strong>sirpo</strong></span> <span class='ocrx_word' id='word_1_142' title='bbox 202 1972 333 2057; x_wconf 73' lang='lat' dir='ltr'><strong>accepiet</strong></span> <span class='ocrx_word' id='word_1_143' title='bbox 354 1974 388 2034; x_wconf 82' lang='lat' dir='ltr'><strong>in</strong></span> <span class='ocrx_word' id='word_1_144' title='bbox 409 1983 503 2051; x_wconf 84' lang='lat' dir='ltr'><strong>utero,</strong></span> <span class='ocrx_word' id='word_1_145' title='bbox 527 1983 555 2037; x_wconf 93' lang='lat' dir='ltr'><strong>et</strong></span> <span class='ocrx_word' id='word_1_146' title='bbox 570 1974 678 2058; x_wconf 85' lang='lat' dir='ltr'><strong>pariet</strong></span> <span class='ocrx_word' id='word_1_147' title='bbox 697 1974 814 2055; x_wconf 79' lang='lat' dir='ltr'><strong>filium,</strong></span> <span class='ocrx_word' id='word_1_148' title='bbox 846 1982 874 2037; x_wconf 82' lang='lat' dir='ltr'><strong>et</strong></span> <span class='ocrx_word' id='word_1_149' title='bbox 895 1972 1041 2037; x_wconf 82' lang='lat' dir='ltr'><strong>occulunt</strong></span> <span class='ocrx_word' id='word_1_150' title='bbox 1061 1993 1166 2036; x_wconf 80' lang='lat' dir='ltr'><strong>nonun</strong></span> <span class='ocrx_word' id='word_1_151' title='bbox 1187 1972 1251 2056; x_wconf 61' lang='lat' dir='ltr'><strong>rpus</strong></span> 
     </span>
     <span class='ocr_line' id='line_1_17' title="bbox 95 2071 1249 2160; baseline 0.002 -26"><span class='ocrx_word' id='word_1_152' title='bbox 95 2071 289 2150; x_wconf 78' lang='lat' dir='ltr'><strong>Emmanuel,</strong></span> <span class='ocrx_word' id='word_1_153' title='bbox 312 2074 394 2159; x_wconf 82' lang='lat' dir='ltr'><strong>quod</strong></span> <span class='ocrx_word' id='word_1_154' title='bbox 413 2074 484 2151; x_wconf 81' lang='lat' dir='ltr'><strong>³est,</strong></span> <span class='ocrx_word' id='word_1_155' title='bbox 507 2075 673 2139; x_wconf 75' lang='lat' dir='ltr'><strong>Nobiscum</strong></span> <span class='ocrx_word' id='word_1_156' title='bbox 694 2076 797 2145; x_wconf 69' lang='lat' dir='ltr'><strong>Deum·</strong></span> <span class='ocrx_word' id='word_1_157' title='bbox 820 2075 985 2139; x_wconf 84' lang='lat' dir='ltr'><strong>manifeste</strong></span> <span class='ocrx_word' id='word_1_158' title='bbox 1005 2075 1196 2160; x_wconf 86' lang='lat' dir='ltr'><strong>significans,</strong></span> <span class='ocrx_word' id='word_1_159' title='bbox 1217 2081 1249 2138; x_wconf 92' lang='lat' dir='ltr'><strong>et</strong></span> 
     </span>
     <span class='ocr_line' id='line_1_18' title="bbox 96 2176 1249 2264; baseline 0.003 -28"><span class='ocrx_word' id='word_1_160' title='bbox 96 2194 166 2237; x_wconf 86' lang='lat' dir='ltr'><strong>eam</strong></span> <span class='ocrx_word' id='word_1_161' title='bbox 181 2177 416 2260; x_wconf 85' lang='lat' dir='ltr'><strong>promissionem</strong></span> <span class='ocrx_word' id='word_1_162' title='bbox 438 2199 508 2263; x_wconf 84' lang='lat' dir='ltr'><strong>quae</strong></span> <span class='ocrx_word' id='word_1_163' title='bbox 522 2178 623 2242; x_wconf 85' lang='lat' dir='ltr'><strong>iuerat</strong></span> <span class='ocrx_word' id='word_1_164' title='bbox 642 2179 683 2242; x_wconf 89' lang='lat' dir='ltr'><strong>ad</strong></span> <span class='ocrx_word' id='word_1_165' title='bbox 700 2186 804 2264; x_wconf 90' lang='lat' dir='ltr'><strong>patres</strong></span> <span class='ocrx_word' id='word_1_166' title='bbox 820 2177 1045 2262; x_wconf 74' lang='lat' dir='ltr'><strong>‘adimpletam</strong></span> <span class='ocrx_word' id='word_1_167' title='bbox 1068 2199 1108 2241; x_wconf 85' lang='lat' dir='ltr'><strong>ex</strong></span> <span class='ocrx_word' id='word_1_168' title='bbox 1130 2176 1249 2263; x_wconf 87' lang='lat' dir='ltr'><strong>virgine</strong></span> 
     </span>
     <span class='ocr_line' id='line_1_19' title="bbox 95 2277 1248 2365; baseline 0.003 -27"><span class='ocrx_word' id='word_1_169' title='bbox 95 2285 204 2340; x_wconf 89' lang='lat' dir='ltr'><strong>natum</strong></span> <span class='ocrx_word' id='word_1_170' title='bbox 231 2277 348 2342; x_wconf 87' lang='lat' dir='ltr'><strong>Filium</strong></span> <span class='ocrx_word' id='word_1_171' title='bbox 373 2279 444 2357; x_wconf 91' lang='lat' dir='ltr'><strong>Dei,</strong></span> <span class='ocrx_word' id='word_1_172' title='bbox 470 2287 503 2344; x_wconf 89' lang='lat' dir='ltr'><strong>et</strong></span> <span class='ocrx_word' id='word_1_173' title='bbox 525 2280 607 2345; x_wconf 90' lang='lat' dir='ltr'><strong>hune</strong></span> <span class='ocrx_word' id='word_1_174' title='bbox 633 2281 735 2365; x_wconf 86' lang='lat' dir='ltr'><strong>ipsum</strong></span> <span class='ocrx_word' id='word_1_175' title='bbox 763 2302 831 2344; x_wconf 86' lang='lat' dir='ltr'><strong>esse</strong></span> <span class='ocrx_word' id='word_1_176' title='bbox 857 2279 1048 2343; x_wconf 66' lang='lat' dir='ltr'><strong>Salinatorem</strong></span> <span class='ocrx_word' id='word_1_177' title='bbox 1079 2279 1248 2353; x_wconf 75' lang='lat' dir='ltr'><strong>Christum,</strong></span> 
     </span>
     <span class='ocr_line' id='line_1_20' title="bbox 96 2379 1249 2465; baseline 0 -24"><span class='ocrx_word' id='word_1_178' title='bbox 96 2399 191 2462; x_wconf 90' lang='lat' dir='ltr'><strong>quem</strong></span> <span class='ocrx_word' id='word_1_179' title='bbox 213 2379 372 2464; x_wconf 86' lang='lat' dir='ltr'><strong>prophetae</strong></span> <span class='ocrx_word' id='word_1_180' title='bbox 395 2381 658 2465; x_wconf 71' lang='lat' dir='ltr'><strong>praedicaverunt:</strong></span> <span class='ocrx_word' id='word_1_181' title='bbox 683 2403 755 2459; x_wconf 88' lang='lat' dir='ltr'><strong>nou,</strong></span> <span class='ocrx_word' id='word_1_182' title='bbox 786 2381 868 2444; x_wconf 87' lang='lat' dir='ltr'><strong>sicut</strong></span> <span class='ocrx_word' id='word_1_183' title='bbox 898 2381 957 2464; x_wconf 90' lang='lat' dir='ltr'><strong>ipsi</strong></span> <span class='ocrx_word' id='word_1_184' title='bbox 987 2381 1104 2456; x_wconf 87' lang='lat' dir='ltr'><strong>dicunt,</strong></span> <span class='ocrx_word' id='word_1_185' title='bbox 1135 2379 1159 2443; x_wconf 85' lang='lat' dir='ltr'><strong>J</strong></span> <span class='ocrx_word' id='word_1_186' title='bbox 1162 2401 1249 2444; x_wconf 89' lang='lat' dir='ltr'><strong>esum</strong></span> 
     </span>
     <span class='ocr_line' id='line_1_21' title="bbox 96 2481 1248 2571; baseline 0 -27"><span class='ocrx_word' id='word_1_187' title='bbox 96 2481 221 2568; x_wconf 91' lang='lat' dir='ltr'><strong>quidem</strong></span> <span class='ocrx_word' id='word_1_188' title='bbox 245 2482 347 2567; x_wconf 88' lang='lat' dir='ltr'><strong>ipsum</strong></span> <span class='ocrx_word' id='word_1_189' title='bbox 364 2505 433 2548; x_wconf 85' lang='lat' dir='ltr'><strong>esse</strong></span> <span class='ocrx_word' id='word_1_190' title='bbox 455 2486 507 2571; x_wconf 94' lang='lat' dir='ltr'><strong>qui</strong></span> <span class='ocrx_word' id='word_1_191' title='bbox 530 2507 570 2549; x_wconf 87' lang='lat' dir='ltr'><strong>ex</strong></span> <span class='ocrx_word' id='word_1_192' title='bbox 594 2486 699 2549; x_wconf 86' lang='lat' dir='ltr'><strong>Maria</strong></span> <span class='ocrx_word' id='word_1_193' title='bbox 720 2485 763 2549; x_wconf 88' lang='lat' dir='ltr'><strong>sit</strong></span> <span class='ocrx_word' id='word_1_194' title='bbox 788 2491 891 2559; x_wconf 88' lang='lat' dir='ltr'><strong>natus,</strong></span> <span class='ocrx_word' id='word_1_195' title='bbox 914 2485 1072 2549; x_wconf 84' lang='lat' dir='ltr'><strong>Christum</strong></span> <span class='ocrx_word' id='word_1_196' title='bbox 1097 2505 1169 2547; x_wconf 84' lang='lat' dir='ltr'><strong>vero</strong></span> <span class='ocrx_word' id='word_1_197' title='bbox 1196 2483 1248 2567; x_wconf 94' lang='lat' dir='ltr'><strong>qui</strong></span> 
     </span>
     <span class='ocr_line' id='line_1_22' title="bbox 96 2585 1249 2673; baseline 0 -26"><span class='ocrx_word' id='word_1_198' title='bbox 96 2586 228 2669; x_wconf 89' lang='lat' dir='ltr'><strong>desuper</strong></span> <span class='ocrx_word' id='word_1_199' title='bbox 242 2587 412 2650; x_wconf 86' lang='lat' dir='ltr'><strong>descendit.</strong></span> <span class='ocrx_word' id='word_1_200' title='bbox 446 2588 601 2652; x_wconf 78' lang='lat' dir='ltr'><strong>Caeterum</strong></span> <span class='ocrx_word' id='word_1_201' title='bbox 616 2595 759 2673; x_wconf 85' lang='lat' dir='ltr'><strong>potuerat</strong></span> <span class='ocrx_word' id='word_1_202' title='bbox 774 2587 876 2651; x_wconf 91' lang='lat' dir='ltr'><strong>dicere</strong></span> <span class='ocrx_word' id='word_1_203' title='bbox 892 2585 1075 2662; x_wconf 79' lang='lat' dir='ltr'><strong>Matthaeus,</strong></span> <span class='ocrx_word' id='word_1_204' title='bbox 1091 2586 1166 2648; x_wconf 88' lang='lat' dir='ltr'><strong>Jesu</strong></span> <span class='ocrx_word' id='word_1_205' title='bbox 1181 2605 1249 2648; x_wconf 84' lang='lat' dir='ltr'><strong>aero</strong></span> 
     </span>
     <span class='ocr_line' id='line_1_23' title="bbox 94 2688 1248 2775; baseline -0.002 -25"><span class='ocrx_word' id='word_1_206' title='bbox 94 2688 249 2772; x_wconf 72' lang='lat' dir='ltr'><strong>perimatis</strong></span> <span class='ocrx_word' id='word_1_207' title='bbox 268 2690 313 2752; x_wconf 79' lang='lat' dir='ltr'><strong>sle</strong></span> <span class='ocrx_word' id='word_1_208' title='bbox 333 2699 421 2758; x_wconf 84' lang='lat' dir='ltr'><strong>erat‚·</strong></span> <span class='ocrx_word' id='word_1_209' title='bbox 446 2690 501 2753; x_wconf 87' lang='lat' dir='ltr'><strong>sed</strong></span> <span class='ocrx_word' id='word_1_210' title='bbox 523 2689 695 2775; x_wconf 87' lang='lat' dir='ltr'><strong>praevidens</strong></span> <span class='ocrx_word' id='word_1_211' title='bbox 718 2689 854 2774; x_wconf 91' lang='lat' dir='ltr'><strong>Spiritus</strong></span> <span class='ocrx_word' id='word_1_212' title='bbox 875 2696 1003 2751; x_wconf 89' lang='lat' dir='ltr'><strong>sanetus</strong></span> <span class='ocrx_word' id='word_1_213' title='bbox 1022 2688 1248 2772; x_wconf 88' lang='lat' dir='ltr'><strong>depravatores,</strong></span> 
     </span>
    </p>

    <p class='ocr_par' dir='ltr' id='par_1_4' title="bbox 49 2787 1411 3286">
     <span class='ocr_line' id='line_1_24' title="bbox 49 2787 1246 2874; baseline -0.003 -21"><span class='ocrx_word' id='word_1_214' title='bbox 49 2805 77 2843; x_wconf 63' lang='lat' dir='ltr'><strong>ut</strong></span> <span class='ocrx_word' id='word_1_215' title='bbox 96 2798 130 2853; x_wconf 87' lang='lat' dir='ltr'><strong>et</strong></span> <span class='ocrx_word' id='word_1_216' title='bbox 151 2790 358 2873; x_wconf 75' lang='lat' dir='ltr'><strong>praemuniens</strong></span> <span class='ocrx_word' id='word_1_217' title='bbox 380 2800 488 2855; x_wconf 89' lang='lat' dir='ltr'><strong>contra</strong></span> <span class='ocrx_word' id='word_1_218' title='bbox 509 2790 749 2855; x_wconf 89' lang='lat' dir='ltr'><strong>fraudulentiam</strong></span> <span class='ocrx_word' id='word_1_219' title='bbox 768 2811 885 2867; x_wconf 91' lang='lat' dir='ltr'><strong>eorum,</strong></span> <span class='ocrx_word' id='word_1_220' title='bbox 907 2810 963 2874; x_wconf 90' lang='lat' dir='ltr'><strong>per</strong></span> <span class='ocrx_word' id='word_1_221' title='bbox 979 2789 1169 2853; x_wconf 89' lang='lat' dir='ltr'><strong>Matthaeum</strong></span> <span class='ocrx_word' id='word_1_222' title='bbox 1183 2787 1246 2851; x_wconf 85' lang='lat' dir='ltr'><strong>sit:</strong></span> 
     </span>
     <span class='ocr_line' id='line_1_25' title="bbox 98 2890 1249 2979; baseline -0.003 -23"><span class='ocrx_word' id='word_1_223' title='bbox 98 2892 214 2956; x_wconf 77' lang='lat' dir='ltr'><strong>Christi</strong></span> <span class='ocrx_word' id='word_1_224' title='bbox 234 2903 334 2957; x_wconf 88' lang='lat' dir='ltr'><strong>autem</strong></span> <span class='ocrx_word' id='word_1_225' title='bbox 350 2895 505 2977; x_wconf 64' lang='lat' dir='ltr'><strong>generatio</strong></span> <span class='ocrx_word' id='word_1_226' title='bbox 519 2895 564 2958; x_wconf 84' lang='lat' dir='ltr'><strong>sic</strong></span> <span class='ocrx_word' id='word_1_227' title='bbox 579 2903 669 2965; x_wconf 84' lang='lat' dir='ltr'><strong>erat;</strong></span> <span class='ocrx_word' id='word_1_228' title='bbox 693 2902 726 2958; x_wconf 88' lang='lat' dir='ltr'><strong>et</strong></span> <span class='ocrx_word' id='word_1_229' title='bbox 747 2893 893 2979; x_wconf 91' lang='lat' dir='ltr'><strong>quoniam</strong></span> <span class='ocrx_word' id='word_1_230' title='bbox 912 2891 963 2955; x_wconf 89' lang='lat' dir='ltr'><strong>hie</strong></span> <span class='ocrx_word' id='word_1_231' title='bbox 985 2900 1034 2955; x_wconf 91' lang='lat' dir='ltr'><strong>est</strong></span> <span class='ocrx_word' id='word_1_232' title='bbox 1055 2890 1249 2966; x_wconf 73' lang='lat' dir='ltr'><strong>Emmanuel,</strong></span> 
     </span>
     <span class='ocr_line' id='line_1_26' title="bbox 95 2993 1411 3083; baseline -0.002 -24"><span class='ocrx_word' id='word_1_233' title='bbox 95 3017 136 3060; x_wconf 91' lang='lat' dir='ltr'><strong>ne</strong></span> <span class='ocrx_word' id='word_1_234' title='bbox 150 2995 229 3059; x_wconf 88' lang='lat' dir='ltr'><strong>sorte</strong></span> <span class='ocrx_word' id='word_1_235' title='bbox 245 3004 366 3059; x_wconf 88' lang='lat' dir='ltr'><strong>tantum</strong></span> <span class='ocrx_word' id='word_1_236' title='bbox 381 3018 452 3060; x_wconf 91' lang='lat' dir='ltr'><strong>eum</strong></span> <span class='ocrx_word' id='word_1_237' title='bbox 467 2997 623 3060; x_wconf 92' lang='lat' dir='ltr'><strong>hominem</strong></span> <span class='ocrx_word' id='word_1_238' title='bbox 639 3005 838 3083; x_wconf 85' lang='lat' dir='ltr'><strong>putaremus;</strong></span> <span class='ocrx_word' id='word_1_239' title='bbox 860 3018 920 3060; x_wconf 90' lang='lat' dir='ltr'><strong>non</strong></span> <span class='ocrx_word' id='word_1_240' title='bbox 942 2995 1026 3059; x_wconf 90' lang='lat' dir='ltr'><strong>enim</strong></span> <span class='ocrx_word' id='word_1_241' title='bbox 1049 3017 1084 3058; x_wconf 83' lang='lat' dir='ltr'><strong>en</strong></span> <span class='ocrx_word' id='word_1_242' title='bbox 1099 2993 1251 3057; x_wconf 81' lang='lat' dir='ltr'><strong>uoluntate</strong></span> <span class='ocrx_word' id='word_1_243' title='bbox 1262 3009 1331 3048; x_wconf 75' lang='lat' dir='ltr'><strong>Jout·</strong></span> <span class='ocrx_word' id='word_1_244' title='bbox 1343 3009 1372 3056; x_wconf 79' lang='lat'><strong>¹³.</strong></span> <span class='ocrx_word' id='word_1_245' title='bbox 1382 3010 1411 3048; x_wconf 79' lang='lat' dir='ltr'><strong>n</strong></span> 
     </span>
     <span class='ocr_line' id='line_1_27' title="bbox 96 3095 1251 3183; baseline -0.002 -23"><span class='ocrx_word' id='word_1_246' title='bbox 96 3098 214 3173; x_wconf 79' lang='lat' dir='ltr'><strong>camis,</strong></span> <span class='ocrx_word' id='word_1_247' title='bbox 230 3120 324 3183; x_wconf 86' lang='lat' dir='ltr'><strong>neque</strong></span> <span class='ocrx_word' id='word_1_248' title='bbox 338 3120 374 3161; x_wconf 81' lang='lat' dir='ltr'><strong>aa</strong></span> <span class='ocrx_word' id='word_1_249' title='bbox 388 3098 540 3163; x_wconf 85' lang='lat' dir='ltr'><strong>uoluntate</strong></span> <span class='ocrx_word' id='word_1_250' title='bbox 558 3100 631 3176; x_wconf 77' lang='lat' dir='ltr'><strong>oiri,</strong></span> <span class='ocrx_word' id='word_1_251' title='bbox 649 3099 704 3163; x_wconf 85' lang='lat' dir='ltr'><strong>sed</strong></span> <span class='ocrx_word' id='word_1_252' title='bbox 721 3120 757 3165; x_wconf 83' lang='lat' dir='ltr'><strong>ea</strong></span> <span class='ocrx_word' id='word_1_253' title='bbox 774 3099 926 3163; x_wconf 82' lang='lat' dir='ltr'><strong>uoluntate</strong></span> <span class='ocrx_word' id='word_1_254' title='bbox 938 3098 1011 3174; x_wconf 81' lang='lat' dir='ltr'><strong>Dei,</strong></span> <span class='ocrx_word' id='word_1_255' title='bbox 1034 3095 1165 3161; x_wconf 83' lang='lat' dir='ltr'><strong>Verbum</strong></span> <span class='ocrx_word' id='word_1_256' title='bbox 1179 3117 1251 3159; x_wconf 85' lang='lat' dir='ltr'><strong>earo</strong></span> 
     </span>
     <span class='ocr_line' id='line_1_28' title="bbox 94 3199 1250 3286; baseline -0.002 -23"><span class='ocrx_word' id='word_1_257' title='bbox 94 3200 227 3284; x_wconf 74' lang='lat' dir='ltr'><strong>⁶sactum</strong></span> <span class='ocrx_word' id='word_1_258' title='bbox 241 3210 291 3277; x_wconf 90' lang='lat' dir='ltr'><strong>est,</strong></span> <span class='ocrx_word' id='word_1_259' title='bbox 308 3222 407 3286; x_wconf 89' lang='lat' dir='ltr'><strong>neque</strong></span> <span class='ocrx_word' id='word_1_260' title='bbox 419 3201 514 3264; x_wconf 90' lang='lat' dir='ltr'><strong>alium</strong></span> <span class='ocrx_word' id='word_1_261' title='bbox 529 3202 654 3286; x_wconf 91' lang='lat' dir='ltr'><strong>quidem</strong></span> <span class='ocrx_word' id='word_1_262' title='bbox 669 3201 693 3265; x_wconf 85' lang='lat' dir='ltr'><strong>J</strong></span> <span class='ocrx_word' id='word_1_263' title='bbox 694 3224 792 3279; x_wconf 90' lang='lat' dir='ltr'><strong>esum,</strong></span> <span class='ocrx_word' id='word_1_264' title='bbox 817 3201 948 3266; x_wconf 87' lang='lat' dir='ltr'><strong>alterum</strong></span> <span class='ocrx_word' id='word_1_265' title='bbox 969 3208 1074 3264; x_wconf 85' lang='lat' dir='ltr'><strong>autem</strong></span> <span class='ocrx_word' id='word_1_266' title='bbox 1091 3199 1250 3262; x_wconf 87' lang='lat' dir='ltr'><strong>Christum</strong></span> 
     </span>
    </p>
   </div>
   <div class='ocr_carea' id='block_1_4' title="bbox 95 3302 1077 3387">
    <p class='ocr_par' dir='ltr' id='par_1_5' title="bbox 95 3302 1077 3387">
     <span class='ocr_line' id='line_1_29' title="bbox 95 3302 1077 3387; baseline -0.001 -21"><span class='ocrx_word' id='word_1_267' title='bbox 95 3302 324 3387; x_wconf 89' lang='lat' dir='ltr'><strong>suspicaremur</strong></span> <span class='ocrx_word' id='word_1_268' title='bbox 339 3302 444 3379; x_wconf 84' lang='lat' dir='ltr'><strong>luisse,</strong></span> <span class='ocrx_word' id='word_1_269' title='bbox 459 3305 515 3368; x_wconf 90' lang='lat' dir='ltr'><strong>sed</strong></span> <span class='ocrx_word' id='word_1_270' title='bbox 530 3326 626 3367; x_wconf 89' lang='lat' dir='ltr'><strong>unum</strong></span> <span class='ocrx_word' id='word_1_271' title='bbox 642 3314 675 3369; x_wconf 90' lang='lat' dir='ltr'><strong>et</strong></span> <span class='ocrx_word' id='word_1_272' title='bbox 689 3306 822 3370; x_wconf 91' lang='lat' dir='ltr'><strong>eundem</strong></span> <span class='ocrx_word' id='word_1_273' title='bbox 836 3304 987 3369; x_wconf 88' lang='lat' dir='ltr'><strong>sciremus</strong></span> <span class='ocrx_word' id='word_1_274' title='bbox 1001 3324 1077 3367; x_wconf 87' lang='lat' dir='ltr'><strong>esse.</strong></span> 
     </span>
    </p>
   </div>
   <div class='ocr_carea' id='block_1_5' title="bbox 94 3486 1251 4041">
    <p class='ocr_par' dir='ltr' id='par_1_6' title="bbox 94 3486 1251 3959">
     <span class='ocr_line' id='line_1_30' title="bbox 146 3486 1248 3555; baseline -0.004 -17"><span class='ocrx_word' id='word_1_275' title='bbox 146 3488 265 3538; x_wconf 85' lang='lat' dir='ltr'><strong>¹Chn&#39;sti</strong></span> <span class='ocrx_word' id='word_1_276' title='bbox 283 3497 374 3539; x_wconf 86' lang='lat' dir='ltr'><strong>autem.</strong></span> <span class='ocrx_word' id='word_1_277' title='bbox 410 3491 448 3539; x_wconf 77' lang='lat' dir='ltr'><strong>Ea</strong></span> <span class='ocrx_word' id='word_1_278' title='bbox 469 3490 514 3539; x_wconf 76' lang='lat' dir='ltr'><strong>leuc</strong></span> <span class='ocrx_word' id='word_1_279' title='bbox 538 3491 649 3540; x_wconf 80' lang='lat' dir='ltr'><strong>citatione</strong></span> <span class='ocrx_word' id='word_1_280' title='bbox 700 3490 791 3542; x_wconf 64' lang='lat' dir='ltr'><strong>aaran</strong></span> <span class='ocrx_word' id='word_1_281' title='bbox 802 3505 855 3552; x_wconf 82' lang='lat' dir='ltr'><strong>cap.</strong></span> <span class='ocrx_word' id='word_1_282' title='bbox 872 3504 901 3555; x_wconf 86' lang='lat'><strong>¹9</strong></span> <span class='ocrx_word' id='word_1_283' title='bbox 912 3495 933 3537; x_wconf 85' lang='lat' dir='ltr'><strong>et</strong></span> <span class='ocrx_word' id='word_1_284' title='bbox 946 3503 983 3550; x_wconf 83' lang='lat'><strong>24,</strong></span> <span class='ocrx_word' id='word_1_285' title='bbox 998 3486 1117 3550; x_wconf 73' lang='lat' dir='ltr'><strong>allepurit.</strong></span> <span class='ocrx_word' id='word_1_286' title='bbox 1145 3487 1248 3535; x_wconf 82' lang='lat' dir='ltr'><strong>Casan.</strong></span> 
     </span>
     <span class='ocr_line' id='line_1_31' title="bbox 96 3568 1250 3636; baseline -0.003 -18"><span class='ocrx_word' id='word_1_287' title='bbox 96 3570 444 3634; x_wconf 67' lang='lat' dir='ltr'><strong>indemudedrutoarpumento</strong></span> <span class='ocrx_word' id='word_1_288' title='bbox 451 3572 649 3634; x_wconf 62' lang='lat' dir='ltr'><strong>pastinacam</strong></span> <span class='ocrx_word' id='word_1_289' title='bbox 698 3573 751 3621; x_wconf 82' lang='lat' dir='ltr'><strong>&#39;l&#39;he</strong></span> <span class='ocrx_word' id='word_1_290' title='bbox 764 3587 880 3636; x_wconf 77' lang='lat' dir='ltr'><strong>passages</strong></span> <span class='ocrx_word' id='word_1_291' title='bbox 896 3570 988 3634; x_wconf 86' lang='lat' dir='ltr'><strong>quoted</strong></span> <span class='ocrx_word' id='word_1_292' title='bbox 1002 3569 1108 3618; x_wconf 81' lang='lat' dir='ltr'><strong>indicate</strong></span> <span class='ocrx_word' id='word_1_293' title='bbox 1123 3569 1166 3616; x_wconf 86' lang='lat' dir='ltr'><strong>the</strong></span> <span class='ocrx_word' id='word_1_294' title='bbox 1182 3568 1250 3616; x_wconf 87' lang='lat' dir='ltr'><strong>read·</strong></span> 
     </span>
     <span class='ocr_line' id='line_1_32' title="bbox 95 3649 1251 3716; baseline -0.002 -17"><span class='ocrx_word' id='word_1_295' title='bbox 95 3667 181 3700; x_wconf 77' lang='lat' dir='ltr'><strong>naman</strong></span> <span class='ocrx_word' id='word_1_296' title='bbox 194 3652 283 3711; x_wconf 83' lang='grc' dir='ltr'>Ἰησοῦ,</span> <span class='ocrx_word' id='word_1_297' title='bbox 298 3654 362 3715; x_wconf 74' lang='lat' dir='ltr'><strong>prad</strong></span> <span class='ocrx_word' id='word_1_298' title='bbox 378 3653 406 3701; x_wconf 86' lang='lat' dir='ltr'><strong>in</strong></span> <span class='ocrx_word' id='word_1_299' title='bbox 421 3654 509 3702; x_wconf 70' lang='lat' dir='ltr'><strong>naama</strong></span> <span class='ocrx_word' id='word_1_300' title='bbox 524 3655 557 3703; x_wconf 92' lang='lat' dir='ltr'><strong>N.</strong></span> <span class='ocrx_word' id='word_1_301' title='bbox 572 3654 598 3702; x_wconf 78' lang='lat' dir='ltr'><strong>T.</strong></span> <span class='ocrx_word' id='word_1_302' title='bbox 611 3669 648 3702; x_wconf 76' lang='lat' dir='ltr'><strong>ae·</strong></span> <span class='ocrx_word' id='word_1_303' title='bbox 698 3654 749 3716; x_wconf 83' lang='lat' dir='ltr'><strong>ing,</strong></span> <span class='ocrx_word' id='word_1_304' title='bbox 773 3653 815 3701; x_wconf 82' lang='lat' dir='ltr'><strong>secl</strong></span> <span class='ocrx_word' id='word_1_305' title='bbox 836 3668 863 3700; x_wconf 73' lang='lat' dir='ltr'><strong>a</strong></span> <span class='ocrx_word' id='word_1_306' title='bbox 879 3652 998 3699; x_wconf 77' lang='lat' dir='ltr'><strong>anlunurte</strong></span> <span class='ocrx_word' id='word_1_307' title='bbox 1016 3649 1065 3699; x_wconf 82' lang='lat' dir='ltr'><strong>Dei</strong></span> <span class='ocrx_word' id='word_1_308' title='bbox 1082 3656 1209 3708; x_wconf 72' lang='lat' dir='ltr'><strong>amasset,</strong></span> <span class='ocrx_word' id='word_1_309' title='bbox 1231 3655 1251 3696; x_wconf 78' lang='lat' dir='ltr'><strong>ct</strong></span> 
     </span>
     <span class='ocr_line' id='line_1_33' title="bbox 94 3730 1250 3797; baseline -0.005 -15"><span class='ocrx_word' id='word_1_310' title='bbox 94 3734 242 3795; x_wconf 76' lang='lat' dir='ltr'><strong>emptoribus</strong></span> <span class='ocrx_word' id='word_1_311' title='bbox 251 3734 569 3797; x_wconf 73' lang='lat' dir='ltr'><strong>Graciserpressumsuatat,</strong></span> <span class='ocrx_word' id='word_1_312' title='bbox 580 3734 650 3783; x_wconf 83' lang='lat' dir='ltr'><strong>laud</strong></span> <span class='ocrx_word' id='word_1_313' title='bbox 704 3734 807 3783; x_wconf 75' lang='lat' dir='ltr'><strong>Verbum</strong></span> <span class='ocrx_word' id='word_1_314' title='bbox 821 3732 981 3795; x_wconf 76' lang='lat' dir='ltr'><strong>rarefactum</strong></span> <span class='ocrx_word' id='word_1_315' title='bbox 998 3738 1036 3780; x_wconf 82' lang='lat' dir='ltr'><strong>est.</strong></span> <span class='ocrx_word' id='word_1_316' title='bbox 1072 3730 1099 3779; x_wconf 90' lang='lat' dir='ltr'><strong>It</strong></span> <span class='ocrx_word' id='word_1_317' title='bbox 1110 3731 1131 3778; x_wconf 89' lang='lat' dir='ltr'><strong>is</strong></span> <span class='ocrx_word' id='word_1_318' title='bbox 1142 3730 1250 3777; x_wconf 83' lang='lat' dir='ltr'><strong>remark·</strong></span> 
     </span>
     <span class='ocr_line' id='line_1_34' title="bbox 94 3811 1250 3878; baseline -0.015 -4"><span class='ocrx_word' id='word_1_319' title='bbox 94 3815 183 3876; x_wconf 61' lang='lat' dir='ltr'><strong>“diues</strong></span> <span class='ocrx_word' id='word_1_320' title='bbox 207 3816 244 3862; x_wconf 63' lang='lat' dir='ltr'><strong>“ll</strong></span> <span class='ocrx_word' id='word_1_321' title='bbox 265 3831 307 3863; x_wconf 77' lang='lat' dir='ltr'><strong>uec</strong></span> <span class='ocrx_word' id='word_1_322' title='bbox 331 3816 431 3877; x_wconf 72' lang='lat' dir='ltr'><strong>nuqua</strong></span> <span class='ocrx_word' id='word_1_323' title='bbox 452 3815 552 3875; x_wconf 67' lang='lat' dir='ltr'><strong>bulanu,</strong></span> <span class='ocrx_word' id='word_1_324' title='bbox 576 3831 650 3878; x_wconf 75' lang='lat' dir='ltr'><strong>neque</strong></span> <span class='ocrx_word' id='word_1_325' title='bbox 699 3811 1250 3876; x_wconf 69' lang='lat' dir='ltr'><strong>ablethsnshiesaualeuiomsyhavearinen</strong></span> 
     </span>
     <span class='ocr_line' id='line_1_35' title="bbox 94 3892 1249 3959; baseline -0.004 -16"><span class='ocrx_word' id='word_1_326' title='bbox 94 3895 282 3943; x_wconf 72' lang='lat' dir='ltr'><strong>Pmtcasersio</strong></span> <span class='ocrx_word' id='word_1_327' title='bbox 293 3895 358 3944; x_wconf 81' lang='lat' dir='ltr'><strong>illud</strong></span> <span class='ocrx_word' id='word_1_328' title='bbox 368 3895 443 3944; x_wconf 69' lang='lat' dir='ltr'><strong>huba.</strong></span> <span class='ocrx_word' id='word_1_329' title='bbox 468 3896 571 3945; x_wconf 68' lang='lat' dir='ltr'><strong>Glisas.</strong></span> <span class='ocrx_word' id='word_1_330' title='bbox 698 3904 765 3948; x_wconf 84' lang='lat' dir='ltr'><strong>most</strong></span> <span class='ocrx_word' id='word_1_331' title='bbox 783 3897 909 3959; x_wconf 77' lang='lat' dir='ltr'><strong>naturally</strong></span> <span class='ocrx_word' id='word_1_332' title='bbox 927 3896 992 3943; x_wconf 81' lang='lat' dir='ltr'><strong>from</strong></span> <span class='ocrx_word' id='word_1_333' title='bbox 1013 3894 1057 3942; x_wconf 90' lang='lat' dir='ltr'><strong>the</strong></span> <span class='ocrx_word' id='word_1_334' title='bbox 1079 3892 1165 3954; x_wconf 81' lang='lat' dir='ltr'><strong>Syriae</strong></span> <span class='ocrx_word' id='word_1_335' title='bbox 1187 3895 1249 3949; x_wconf 84' lang='lat' dir='ltr'><strong>text,</strong></span> 
     </span>
    </p>

    <p class='ocr_par' dir='ltr' id='par_1_7' title="bbox 145 3971 1250 4041">
     <span class='ocr_line' id='line_1_36' title="bbox 145 3971 1250 4041; baseline -0.021 -1"><span class='ocrx_word' id='word_1_336' title='bbox 145 3975 157 4008; x_wconf 82' lang='lat'>²</span> <span class='ocrx_word' id='word_1_337' title='bbox 174 3977 517 4040; x_wconf 58' lang='lat' dir='ltr'><strong>relevamentum).</strong></span> <span class='ocrx_word' id='word_1_338' title='bbox 699 3981 780 4029; x_wconf 68' lang='lat' dir='ltr'><strong>where</strong></span> <span class='ocrx_word' id='word_1_339' title='bbox 798 3979 841 4027; x_wconf 74' lang='lat' dir='ltr'><strong>ue</strong></span> <span class='ocrx_word' id='word_1_340' title='bbox 857 3976 938 4041; x_wconf 71' lang='lat' dir='ltr'><strong>praru</strong></span> <span class='ocrx_word' id='word_1_341' title='bbox 951 3973 1111 4023; x_wconf 68' lang='lat' dir='ltr'><strong>amiralios</strong></span> <span class='ocrx_word' id='word_1_342' title='bbox 1128 3983 1150 4030; x_wconf 89' lang='lat'>0</span> <span class='ocrx_word' id='word_1_343' title='bbox 1168 3972 1189 4018; x_wconf 76' lang='lat' dir='ltr'><strong>s</strong></span> <span class='ocrx_word' id='word_1_344' title='bbox 1206 3971 1250 4019; x_wconf 81' lang='lat' dir='ltr'><strong>ru.</strong></span> 
     </span>
    </p>
   </div>
   <div class='ocr_carea' id='block_1_6' title="bbox 144 4055 1249 4128">
    <p class='ocr_par' dir='ltr' id='par_1_8' title="bbox 144 4055 1249 4128">
     <span class='ocr_line' id='line_1_37' title="bbox 144 4055 1249 4128; baseline 0.001 -15"><span class='ocrx_word' id='word_1_345' title='bbox 144 4055 156 4089; x_wconf 81' lang='lat'><em>²</em></span> <span class='ocrx_word' id='word_1_346' title='bbox 172 4057 511 4119; x_wconf 69' lang='lat' dir='ltr'><strong>imanraatumiscsneelled</strong></span> <span class='ocrx_word' id='word_1_347' title='bbox 520 4059 648 4123; x_wconf 79' lang='lat' dir='ltr'><strong>byMsss.</strong></span> <span class='ocrx_word' id='word_1_348' title='bbox 698 4069 777 4118; x_wconf 77' lang='lat' dir='ltr'><strong>lowed</strong></span> <span class='ocrx_word' id='word_1_349' title='bbox 786 4065 953 4128; x_wconf 81' lang='lat' dir='ltr'><strong>immediately</strong></span> <span class='ocrx_word' id='word_1_350' title='bbox 961 4065 995 4127; x_wconf 84' lang='lat' dir='ltr'><strong>by</strong></span> <span class='ocrx_word' id='word_1_351' title='bbox 1003 4064 1045 4111; x_wconf 81' lang='lat' dir='ltr'><strong>the</strong></span> <span class='ocrx_word' id='word_1_352' title='bbox 1052 4060 1139 4123; x_wconf 63' lang='lat' dir='ltr'><strong>emula</strong></span> <span class='ocrx_word' id='word_1_353' title='bbox 1151 4075 1181 4124; x_wconf 90' lang='lat'><strong>0,</strong></span> <span class='ocrx_word' id='word_1_354' title='bbox 1195 4080 1249 4127; x_wconf 72' lang='lat' dir='ltr'><strong>eg.</strong></span> 
     </span>
    </p>
   </div>
   <div class='ocr_carea' id='block_1_7' title="bbox 95 4138 1251 4248">
    <p class='ocr_par' dir='ltr' id='par_1_9' title="bbox 95 4138 1251 4248">
     <span class='ocr_line' id='line_1_38' title="bbox 95 4138 1251 4248; baseline 0.034 -64"><span class='ocrx_word' id='word_1_355' title='bbox 95 4138 420 4189; x_wconf 64' lang='lat' dir='ltr'><strong>„amnesamnes</strong></span> <span class='ocrx_word' id='word_1_356' title='bbox 699 4147 832 4240; x_wconf 54' lang='lat' dir='ltr'><strong>pm„</strong></span> <span class='ocrx_word' id='word_1_357' title='bbox 860 4144 999 4248; x_wconf 54' lang='grc' dir='ltr'>ΟΓῺῙ,</span> <span class='ocrx_word' id='word_1_358' title='bbox 1021 4176 1191 4239; x_wconf 49' lang='lat' dir='ltr'><strong>ganemu,</strong></span> <span class='ocrx_word' id='word_1_359' title='bbox 1212 4178 1251 4224; x_wconf 57' lang='lat' dir='ltr'><strong>tu</strong></span> 
     </span>
    </p>
   </div>
   <div class='ocr_carea' id='block_1_8' title="bbox 144 4220 1252 4365">
    <p class='ocr_par' dir='ltr' id='par_1_10' title="bbox 144 4220 1252 4365">
     <span class='ocr_line' id='line_1_39' title="bbox 144 4220 1252 4365; baseline -0.024 -23"><span class='ocrx_word' id='word_1_360' title='bbox 144 4221 156 4333; x_wconf 72' lang='lat' dir='ltr'><strong>l</strong></span> <span class='ocrx_word' id='word_1_361' title='bbox 172 4220 338 4352; x_wconf 43' lang='lat' dir='ltr'><strong>afflig?</strong></span> <span class='ocrx_word' id='word_1_362' title='bbox 354 4221 507 4352; x_wconf 47' lang='grc' dir='ltr'><strong>ἓὶίἑιὲοςαί</strong></span> <span class='ocrx_word' id='word_1_363' title='bbox 516 4221 648 4365; x_wconf 43' lang='grc' dir='ltr'><strong>ΐοῗὲἶτζ</strong></span> <span class='ocrx_word' id='word_1_364' title='bbox 701 4273 815 4334; x_wconf 68' lang='grc' dir='ltr'><strong>ὁΛόγοςς</strong></span> <span class='ocrx_word' id='word_1_365' title='bbox 828 4272 871 4322; x_wconf 88' lang='lat' dir='ltr'><strong>the</strong></span> <span class='ocrx_word' id='word_1_366' title='bbox 881 4271 936 4319; x_wconf 84' lang='lat' dir='ltr'><strong>first</strong></span> <span class='ocrx_word' id='word_1_367' title='bbox 950 4271 1056 4334; x_wconf 76' lang='lat' dir='ltr'><strong>perhaps</strong></span> <span class='ocrx_word' id='word_1_368' title='bbox 1068 4285 1118 4317; x_wconf 83' lang='lat' dir='ltr'><strong>nes</strong></span> <span class='ocrx_word' id='word_1_369' title='bbox 1132 4268 1252 4321; x_wconf 83' lang='lat' dir='ltr'><strong>absorbed</strong></span> 
     </span>
    </p>
   </div>
   <div class='ocr_carea' id='block_1_9' title="bbox 94 4359 1254 4611">
    <p class='ocr_par' dir='ltr' id='par_1_11' title="bbox 94 4359 1254 4611">
     <span class='ocr_line' id='line_1_40' title="bbox 95 4359 1252 4450; baseline -0.017 -23"><span class='ocrx_word' id='word_1_370' title='bbox 95 4383 340 4450; x_wconf 61' lang='lat' dir='ltr'><strong>[p,249(},]l;qw‚</strong></span> <span class='ocrx_word' id='word_1_371' title='bbox 354 4384 477 4433; x_wconf 62' lang='lat' dir='ltr'><strong>Imm</strong></span> <span class='ocrx_word' id='word_1_372' title='bbox 488 4384 562 4434; x_wconf 53' lang='lat' dir='ltr'><strong>Jm,</strong></span> <span class='ocrx_word' id='word_1_373' title='bbox 575 4396 594 4433; x_wconf 89' lang='lat'><strong>1.</strong></span> <span class='ocrx_word' id='word_1_374' title='bbox 611 4396 647 4443; x_wconf 74' lang='lat'><strong>¹3,</strong></span> <span class='ocrx_word' id='word_1_375' title='bbox 700 4365 726 4412; x_wconf 90' lang='lat' dir='ltr'><strong>in</strong></span> <span class='ocrx_word' id='word_1_376' title='bbox 737 4364 780 4412; x_wconf 85' lang='lat' dir='ltr'><strong>the</strong></span> <span class='ocrx_word' id='word_1_377' title='bbox 791 4378 854 4426; x_wconf 83' lang='lat' dir='ltr'><strong>copy</strong></span> <span class='ocrx_word' id='word_1_378' title='bbox 865 4360 978 4410; x_wconf 86' lang='lat' dir='ltr'><strong>followed</strong></span> <span class='ocrx_word' id='word_1_379' title='bbox 989 4361 1162 4424; x_wconf 70' lang='lat' dir='ltr'><strong>byquuuus.</strong></span> <span class='ocrx_word' id='word_1_380' title='bbox 1190 4359 1252 4408; x_wconf 85' lang='lat' dir='ltr'><strong>Fur-</strong></span> 
     </span>
     <span class='ocr_line' id='line_1_41' title="bbox 95 4441 1254 4529; baseline -0.019 -18"><span class='ocrx_word' id='word_1_381' title='bbox 95 4466 186 4529; x_wconf 69' lang='lat' dir='ltr'><strong>lepr&#39;eee,</strong></span> <span class='ocrx_word' id='word_1_382' title='bbox 211 4467 333 4528; x_wconf 51' lang='lat' dir='ltr'><strong>symon,</strong></span> <span class='ocrx_word' id='word_1_383' title='bbox 355 4481 403 4528; x_wconf 63' lang='lat' dir='ltr'><strong>pro</strong></span> <span class='ocrx_word' id='word_1_384' title='bbox 432 4469 453 4515; x_wconf 67' lang='grc' dir='ltr'><strong>οι</strong></span> <span class='ocrx_word' id='word_1_385' title='bbox 476 4467 649 4527; x_wconf 44' lang='grc' dir='ltr'><strong>ἠρνήθησαν,</strong></span> <span class='ocrx_word' id='word_1_386' title='bbox 700 4446 763 4505; x_wconf 88' lang='lat' dir='ltr'><strong>ther,</strong></span> <span class='ocrx_word' id='word_1_387' title='bbox 783 4445 826 4492; x_wconf 89' lang='lat' dir='ltr'><strong>the</strong></span> <span class='ocrx_word' id='word_1_388' title='bbox 845 4442 980 4508; x_wconf 83' lang='lat' dir='ltr'><strong>preceding</strong></span> <span class='ocrx_word' id='word_1_389' title='bbox 998 4442 1109 4502; x_wconf 76' lang='lat' dir='ltr'><strong>relative,</strong></span> <span class='ocrx_word' id='word_1_390' title='bbox 1131 4459 1153 4519; x_wconf 68' lang='lat'><strong>2,</strong></span> <span class='ocrx_word' id='word_1_391' title='bbox 1168 4441 1195 4491; x_wconf 88' lang='lat' dir='ltr'><strong>iu</strong></span> <span class='ocrx_word' id='word_1_392' title='bbox 1211 4441 1254 4490; x_wconf 85' lang='lat' dir='ltr'><strong>the</strong></span> 
     </span>
     <span class='ocr_line' id='line_1_42' title="bbox 94 4539 1254 4611; baseline -0.012 -12"><span class='ocrx_word' id='word_1_393' title='bbox 94 4545 212 4611; x_wconf 57' lang='lat' dir='ltr'><strong>woanilo</strong></span> <span class='ocrx_word' id='word_1_394' title='bbox 228 4554 249 4595; x_wconf 79' lang='lat' dir='ltr'><strong>et</strong></span> <span class='ocrx_word' id='word_1_395' title='bbox 270 4546 436 4596; x_wconf 79' lang='lat' dir='ltr'><strong>Tertullianus</strong></span> <span class='ocrx_word' id='word_1_396' title='bbox 453 4546 507 4595; x_wconf 74' lang='lat' dir='ltr'><strong>tit.</strong></span> <span class='ocrx_word' id='word_1_397' title='bbox 525 4546 556 4594; x_wconf 78' lang='lat' dir='ltr'><strong>de</strong></span> <span class='ocrx_word' id='word_1_398' title='bbox 572 4545 652 4593; x_wconf 82' lang='lat' dir='ltr'><strong>Carne</strong></span> <span class='ocrx_word' id='word_1_399' title='bbox 701 4543 795 4607; x_wconf 83' lang='lat' dir='ltr'><strong>Syriae,</strong></span> <span class='ocrx_word' id='word_1_400' title='bbox 810 4542 899 4591; x_wconf 80' lang='lat' dir='ltr'><strong>carries</strong></span> <span class='ocrx_word' id='word_1_401' title='bbox 912 4557 945 4590; x_wconf 93' lang='lat' dir='ltr'><strong>no</strong></span> <span class='ocrx_word' id='word_1_402' title='bbox 960 4540 1032 4589; x_wconf 80' lang='lat' dir='ltr'><strong>mark</strong></span> <span class='ocrx_word' id='word_1_403' title='bbox 1047 4539 1075 4589; x_wconf 78' lang='lat' dir='ltr'><strong>of</strong></span> <span class='ocrx_word' id='word_1_404' title='bbox 1088 4539 1195 4598; x_wconf 70' lang='lat' dir='ltr'><strong>numbm,</strong></span> <span class='ocrx_word' id='word_1_405' title='bbox 1208 4539 1254 4588; x_wconf 89' lang='lat' dir='ltr'><strong>but</strong></span> 
     </span>
    </p>
   </div>
   <div class='ocr_carea' id='block_1_10' title="bbox 1063 4627 1153 4689">
    <p class='ocr_par' dir='ltr' id='par_1_12' title="bbox 1063 4627 1153 4689">
     <span class='ocr_line' id='line_1_43' title="bbox 1063 4627 1153 4689; baseline -0.011 0"><span class='ocrx_word' id='word_1_406' title='bbox 1063 4627 1153 4689; x_wconf 74' lang='lat'><strong>6—52</strong></span> 
     </span>
    </p>
   </div>
   <div class='ocr_carea' id='block_1_11' title="bbox 0 0 1506 4994">
    <p class='ocr_par' dir='ltr' id='par_1_13' title="bbox 0 0 1506 4994">
     <span class='ocr_line' id='line_1_44' title="bbox 0 0 1506 4994; baseline 0 0"><span class='ocrx_word' id='word_1_407' title='bbox 0 0 1506 4994; x_wconf 95' lang='lat' dir='ltr'><strong> </strong></span> 
     </span>
    </p>
   </div>
  </div>
 </body>
</html>
