3000 4994
361 367 409 419 nr
434 367 485 418 nn
510 366 615 421 novo
641 367 807 420 amusan
831 366 1074 422 rnornnrrar.
1227 355 1293 419 269

140 526 209 584 tum
229 520 290 585 Dei
310 521 393 607 quod
415 521 589 609 acquisivit,
610 530 647 586 ut
660 522 792 587 virtutes
805 522 873 608 ejus
887 528 1086 596 enarrentur3
1109 521 1167 586 sed
1181 541 1244 585 non
1258 526 1294 583 ut
1330 543 1434 630 mprv

141 629 391 716 blasphemarent
404 654 486 710 eum,
502 655 555 718 qur
545 632 637 697 haec
651 632 726 698 lecit
741 632 841 699 Deus
1337 592 1431 723 ‘Nil

208 735 238 799 6.
269 734 315 798 Et
333 733 450 820 reliqua
464 735 568 798 omnia
582 755 774 822 quaecuuque
792 758 847 821 per
860 742 982 801 tautam
995 735 1108 802 seriem
1125 734 1294 820 Scripturae
1318 729 1446 817 will

140 834 419 900 demonstravimus
440 837 607 922 propbetas
627 836 755 916 dixisse,
777 838 926 924 spiritalis
947 860 1019 904 vere
1042 839 1095 925 qui
1117 846 1177 915 est,
1199 837 1293 902 inter-

140 937 322 1021 pretabitur,
342 938 583 1023 unumquodque
601 960 708 1004 eorum
723 962 792 1026 quae
806 940 891 1006 dicta
907 949 991 1018 suut,
1011 941 1043 1004 iu
1062 961 1155 1027 quem
1175 940 1295 1005 dictum

140 1040 183 1103 sit
204 1040 414 1104 characterem
436 1040 646 1125 dispositionis
668 1040 807 1120 Domini,
829 1050 863 1107 et
883 1042 1039 1130 integrum
1061 1062 1172 1127 corpus
1193 1040 1295 1126 operis

142 1141 216 1205 Filii
240 1141 313 1220 Dei,
339 1142 516 1221 osteudens,
542 1164 665 1229 semper
690 1145 822 1209 eundem
848 1144 953 1209 Deum
976 1145 1088 1222 sciens,
1115 1153 1148 1208 et
1171 1164 1295 1228 semper

142 1247 290 1312 ¹eundem
302 1245 444 1311 Verbum
456 1245 517 1310 Dei
533 1267 734 1332 cognosceus,
745 1247 869 1312 etiamsi
884 1269 967 1314 nuuc
977 1246 1067 1313 nobis
1077 1247 1295 1312 manifestatus

140 1356 208 1422 est;
231 1356 264 1413 et
278 1370 401 1435 semper
410 1347 544 1413 eundem
560 1349 711 1435 Spiritum
723 1348 784 1415 Dei
795 1371 997 1436 cognosceus,
1011 1349 1135 1414 etiamsi
1149 1349 1182 1413 in
1193 1348 1293 1413 novis·

140 1452 228 1516 simis
246 1451 453 1537 ¹temporibus
474 1473 553 1516 nove
573 1451 689 1517 effusus
707 1459 757 1516 est
775 1452 808 1516 iu
822 1473 890 1527 nos,
910 1460 943 1517 et
956 1473 977 1516 a
991 1451 1167 1517 conditione
1186 1450 1295 1514 muudi

140 1555 298 1640 usquead
319 1556 413 1620 finem
432 1555 466 1620 in
487 1555 589 1640 ipsum
612 1554 784 1619 humanum
805 1576 923 1642 genus:
948 1577 989 1620 ex
1009 1576 1071 1639 quo
1090 1554 1142 1640 qui
1165 1553 1296 1618 creduut

141 1655 221 1733 Deo,
245 1666 278 1722 et
297 1664 468 1743 sequuntur
489 1659 618 1722 verbum
638 1657 717 1742 ejus,
739 1657 914 1743 percipiunt
937 1679 1006 1723 eam
1028 1678 1098 1742 quae
1117 1664 1167 1721 est
1193 1658 1295 1721 abeo

140 1758 283 1824 salutem.
338 1759 398 1840 Qui
421 1781 493 1825 vero
516 1759 689 1824 abscedunt
710 1761 752 1824 ab
777 1781 825 1838 eo,
852 1768 885 1825 et
909 1766 1113 1825 contemnunt
1137 1767 1295 1845 praecepta

140 1864 217 1949 ejus,
236 1871 269 1927 et
289 1884 345 1949 per
364 1885 458 1949 opera
478 1885 537 1928 sua
557 1863 744 1928 inhonorant
764 1884 835 1928 eum
856 1864 908 1950 qui
928 1864 1067 1941 refecit,
1091 1871 1124 1928 et
1138 1862 1296 1928 sententia

140 1987 197 2030 sua
213 1964 429 2051 blasphemant
443 1987 513 2029 eum
529 1963 581 2050 qui
595 1986 630 2030 se
643 1965 700 2030 alit
701 1965 930 2053 ,justissimum
944 1966 1092 2031 adversus
1105 1988 1140 2031 se
1154 1970 1294 2031 ²coacer·
1307 2008 1368 2049 „m
1376 2009 1399 2048 Η
1401 2009 1421 2048 J

140 2076 214 2132 vam
229 2068 394 2155 judicium.
440 2068 505 2133 Hic
525 2069 622 2154 igitur
639 2069 798 2133 examinat
817 2090 936 2147 omnes,
961 2069 1027 2156 ipae
1042 2090 1114 2134 vero
1131 2090 1152 2133 a
1171 2069 1295 2134 nemine
1308 2056 1374 2096 ¹⁰⁰¹
1382 2055 1406 2095 ¹¹
1417 2055 1446 2094 ¹⁸

140 2172 353 2246 examinatum
385 2193 486 2258 neque
512 2171 641 2237 Patrem
664 2194 755 2237 suum
781 2172 1011 2258 blasphemans,
1038 2194 1139 2257 neque
1164 2171 1296 2258 disposi-

141 2274 242 2340 tiones
267 2275 336 2361 ejus
360 2275 521 2352 fuistisne,
551 2296 651 2359 neque
680 2282 784 2359 patres
808 2295 968 2350 accusans,
998 2296 1099 2359 neque
1128 2274 1297 2360 prophetas

141 2378 347 2455 exhonorans,
368 2387 423 2441 aut
436 2378 477 2441 ab
491 2376 553 2441 alio
568 2376 638 2442 Deo
653 2376 759 2442 dicens
773 2397 838 2453 eos,
855 2385 911 2440 aut
925 2376 1040 2440 iterum
1053 2398 1094 2440 ex
1111 2376 1173 2440 alia
1188 2383 1221 2440 et
1234 2375 1297 2440 alia

140 2480 316 2545 substantia
339 2479 437 2544 luisse
461 2479 651 2565 prophetias.
707 2479 858 2544 Dicemus
880 2488 985 2543 autem
1014 2479 1162 2544 adversus
1188 2499 1297 2543 omues

141 2583 314 2660 haereticos,
333 2589 365 2647 et
385 2582 485 2668 primo
500 2582 624 2667 quidem
638 2581 785 2646 adversus
799 2580 921 2666 eosqui
941 2588 1016 2645 sunt
1030 2603 1050 2644 a
1069 2581 1242 2658 Marcione,
1263 2588 1297 2646 et

140 2685 287 2749 adversus
310 2706 364 2749 eos
387 2684 439 2770 qui
465 2693 539 2749 sunt
561 2684 678 2749 similes
699 2684 770 2762 illis,
796 2686 837 2749 ab
858 2683 957 2748 altero
977 2683 1047 2750 Deo
1068 2684 1207 2749 dicentes
1226 2705 1296 2748 esso

141 2788 318 2873 prophetas,
340 2787 435 2874 legite
450 2786 629 2874 diligentius
643 2787 675 2850 id
690 2786 773 2872 quod
786 2786 827 2850 ab
839 2785 1003 2870 Apostolis
1023 2794 1072 2850 est
1088 2786 1295 2872 Evangelium

141 2890 232 2954 nobis
251 2890 370 2966 datum,
391 2898 424 2955 et
441 2888 535 2976 legite
550 2889 729 2976 diligentius
742 2889 919 2975 prophetas,
944 2897 977 2953 et
996 2889 1158 2954 invenietis
1175 2889 1296 2954 univer-

141 3012 208 3056 sam
223 2990 388 3069 actionem,
404 3000 437 3056 et
451 3013 575 3056 omnem
591 2992 774 3070 doctrinam,
790 2999 824 3056 ct
837 3012 961 3056 omnem
975 2990 1152 3077 passionem
1166 2989 1295 3056 Domini

142 3093 240 3158 nostri
255 3093 473 3180 ³praedicatam
488 3093 520 3157 in
535 3093 619 3179 ipsis.

608 3332 708 3399 cAP.
733 3332 826 3399 LVI.

142 3469 330 3545 Aduersus
347 3496 404 3545 eos
420 3471 485 3569 qui
501 3469 637 3561 dicant,
662 3470 754 3569 quid
769 3470 854 3545 novi
870 3470 1014 3545 octiens
1030 3469 1151 3545 attulit
1170 3471 1296 3546 Chris-

218 3591 307 3660 tus?
333 3600 375 3672 et,
393 3585 569 3685 parociam
586 3586 712 3661 omnio
732 3613 811 3684 qua
824 3587 1015 3685 propbeta
1029 3585 1294 3684 predixerunt,

220 3702 342 3777 Christ
329 3716 386 3777 tua
402 3702 628 3801 adimplevit.

57 3890 124 3977 pars
146 3870 175 3929 l.
212 3866 248 3931 Sr
270 3875 376 3933 autem
391 3867 475 3932 subit
490 3888 544 3932 vos
559 3866 736 3953 hujusmodi
752 3887 872 3944 seusus,
892 3872 928 3929 ut
947 3863 1077 3928 dicatis.
1102 3861 1184 3943 Quid
1203 3861 1298 3949 igitur

77 3938 228 4034 ffl⁴uovi
250 3970 405 4036 Dominus
423 3969 530 4035 attulit
544 3971 691 4035 venieusl
713 3967 902 4086 cognoscite,
918 3965 1063 4051 quoniam
1077 3965 1298 4029 omnemnovi-

144 4082 242 4138 tatem
265 4075 371 4139 attulit
390 4074 592 4160 semetipsum
610 4073 751 4151 afferens,
772 4073 827 4157 qui
845 4071 947 4135 luerat
965 4068 1178 4133 annuntiatus.
1225 4069 1298 4134 Hoc

192 4261 202 4293 ¹
217 4261 319 4310 eandm
325 4263 428 4311 omitted
436 4263 616 4311 intbeCnrnu.
626 4259 694 4321 MS,
795 4259 806 4291 ⁸
822 4259 910 4307 Mass.
920 4261 1008 4321 quotes
1015 4255 1058 4303 tbs
1066 4255 1110 4303 Cn.
1120 4254 1178 4304 MS.
1187 4255 1212 4303 in
1219 4271 1294 4316 error,

144 4342 253 4406 possibly
270 4358 302 4390 ou
318 4347 425 4390 account
436 4342 465 4390 ol'
480 4343 522 4390 tha
539 4340 695 4390 catachresis.
745 4358 774 4390 aa
785 4341 879 4403 having
894 4340 933 4388 his
948 4337 1052 4400 reading
1063 4336 1209 4399 mdiorum
1217 4356 1227 4393 ,·
1244 4338 1264 4386 it
1277 4338 1298 4387 is

143 4424 197 4471 The
219 4422 302 4471 Greek
324 4423 431 4471 concord
447 4424 523 4486 being
539 4420 653 4470 followed
669 4436 697 4469 aa
745 4423 838 4486 clearly
857 4423 957 4469 written
977 4419 1147 4481 prostitutam,
1168 4420 1217 4468 and
1233 4436 1298 4469 corn·

146 4505 226 4553 usual.
255 4505 308 4553 Tho
320 4521 387 4553 saruc
395 4505 451 4554 MS.
462 4504 536 4553 omits
545 4501 696 4565 temporibus.
746 4515 805 4564 paro
819 4494 1128 4562 proetvanqelltare‚lvl·2;
1142 4496 1296 4559 Anagrana.

196 4585 207 4618 ⁸
223 4586 274 4635 Aa.
287 4587 433 4636 comatam.
795 4582 806 4613 ⁴
823 4580 886 4644 novi,
899 4582 967 4641 Arm
980 4579 1023 4628 the
1033 4584 1136 4629 context
1147 4579 1256 4643 requiras
1267 4579 1295 4628 lt.
