3000 4994
515 367 799 422 rnorussronns.
1163 351 1231 422 417

76 522 205 586 odorem
225 530 254 586 te
268 521 439 608 principes,
456 531 485 587 et
506 532 564 588 esto
586 523 726 587 dominus
743 520 875 608 ¹frotris
896 521 952 598 tui,
968 529 997 586 et
1015 521 1189 586 odorabunt
1203 531 1231 587 tc
1272 537 1326 576 Lm
1338 536 1366 577 v·

1267 584 1342 623 xxxiii.
1350 586 1369 622 ³.

66 624 136 706 filii
157 625 276 709 patre
296 625 354 689 toi.
403 624 465 704 Qui
485 625 646 690 maledicet
667 625 898 703 tanchelinus
920 625 999 697 erit3
1022 633 1050 688 ct
1071 625 1125 710 qui
1146 622 1230 688 dene·
1243 631 1395 716 ⁰sli'si.¹'il¹‘

75 725 156 791 dicet
169 736 206 791 te.
222 725 389 792 benedictos
404 729 472 793 erit.
501 726 583 792 Haec
603 749 679 815 ergo
699 727 727 793 si
747 749 809 791 non
830 726 901 813 quis
920 726 1054 812 accipiat
1074 725 1115 790 ad
1130 726 1228 812 praefi·
1244 723 1393 807 ,RQ

75 827 143 891 nita
158 829 270 914 Regni,
287 829 318 892 in
332 829 482 916 grandem
498 830 775 895 contradictionem
790 839 823 895 et
834 830 1085 896 contrarietatem
1101 829 1229 908 incidet,

76 932 335 1018 quemadmodum
363 934 388 999 J
390 934 470 998 odaei
491 933 663 998 incidentes
686 933 718 997 iu
741 933 825 999 omni
853 934 961 1020 aporia
987 933 1230 1000 constituuntur.

78 1035 150 1099 Non
168 1036 270 1100 solum
292 1038 374 1101 enim
397 1038 430 1102 in
449 1038 509 1102 hac
528 1038 593 1101 vita
612 1037 685 1102 huic
701 1037 805 1103 Jacob
826 1059 889 1101 nou
911 1037 1083 1102 servierunt
1099 1043 1228 1123 gentes3

76 1137 132 1201 sed
154 1147 187 1203 et
210 1146 282 1222 post
303 1139 549 1204 benedictionem
576 1139 643 1225 ipse
664 1139 833 1225 proiectus,
852 1139 978 1205 servivit
999 1139 1151 1204 avunculo
1173 1149 1399 1204 suom-¹¹¹¹*-

79 1241 188 1307 Laban
205 1243 283 1329 Syro
297 1264 397 1308 annos
411 1242 539 1330 viginti:
563 1252 596 1307 et
610 1264 673 1306 non
686 1250 809 1308 tantum
825 1265 888 1308 non
902 1253 951 1308 est
965 1244 1067 1309 iactus
1087 1242 1232 1309 dominus

77 1345 181 1410 fratris
204 1347 264 1424 sui,
279 1347 334 1410 sed
355 1355 388 1410 et
410 1347 476 1431 ipse
498 1345 584 1409 Esau
606 1345 747 1411 adoravit
767 1348 893 1411 fratrem
919 1368 1021 1425 suum,
1041 1346 1165 1433 quando
1181 1366 1230 1410 re-
1242 1367 1380 1452 perimus.

77 1471 184 1513 versus
199 1458 246 1514 est
261 1472 281 1513 a
299 1449 530 1535 Mesopotamia
544 1449 584 1513 ad
599 1457 730 1536 patrem,
746 1459 778 1514 et
797 1471 927 1515 munera
943 1449 1043 1514 multa
1063 1448 1175 1514 obtulit
1189 1448 1230 1515 ei.

10 1570 62 1610 „aa
82 1552 318 1617 Multitudinem
339 1561 443 1616 autem
462 1552 560 1617 tritici
580 1561 613 1618 et
634 1553 697 1617 vini
718 1553 874 1640 quomodo
891 1552 1086 1617 haereditavit
1100 1551 1161 1631 hic,
1177 1551 1231 1636 qui

79 1664 205 1741 propter
227 1656 341 1720 famem
364 1655 480 1721 iactam
505 1656 537 1720 in
560 1664 653 1733 terra,
669 1657 703 1720 iu
725 1678 786 1744 qua
809 1656 980 1733 habitabat,
996 1656 1028 1720 iu
1050 1656 1231 1742 AEgyptum
1244 1675 1374 1715 omniur

78 1757 320 1843 transmigravit,
335 1758 495 1842 subjectus
512 1758 681 1837 Pharaoni,
694 1759 747 1843 qui
763 1766 838 1822 tunc
853 1759 1005 1845 regnabat
1020 1757 1052 1821 in
1066 1757 1232 1843 AEgyptot
1243 1733 1285 1771 ἠ’

80 1859 240 1923 Praedicta
254 1859 359 1946 itaque
374 1860 550 1925 benedictio
564 1860 605 1925 ad
620 1870 761 1948 tempora
781 1860 884 1948 Regni
903 1860 972 1924 sine
985 1859 1232 1925 contradictione

79 1962 222 2048 pertinet,
234 1963 358 2047 quando
372 1962 546 2048 regnabunt
558 1963 637 2049 justi
652 1971 818 2050 surgentes
831 1983 851 2026 a
865 1962 1010 2027 mortuis:
1036 1960 1184 2049 ‘quando
1199 1968 1232 2025 et
1244 1969 1361 2064 mh

80 2075 222 2129 creatura
236 2074 393 2137 renovata,
409 2073 442 2130 et
455 2064 596 2142 liberata,
611 2064 842 2130 multitudinem
862 2064 1061 2130 imctificabit
1081 2063 1232 2128 universe
1245 2064 1285 2102 *ἢ

81 2188 172 2242 sacac,
188 2189 228 2231 ex
241 2188 310 2231 rore
325 2166 406 2243 coeli,
422 2175 454 2231 et
469 2189 509 2232 ex
523 2167 686 2232 fertilitate
703 2175 813 2231 terrae:
838 2165 1099 2253 quemadmodum
1120 2164 1233 2228 ³Pres·

80 2270 181 2354 by'teri
204 2269 421 2347 meminerunt,
437 2269 489 2355 qui
513 2269 538 2334 J
540 2270 695 2335 ohannem
717 2270 904 2357 discipulum
926 2268 1056 2333 Domini
1078 2267 1232 2343 viderunt,

80 2372 205 2438 audisse
227 2394 261 2438 se
286 2373 327 2437 ab
352 2393 401 2447 eo,
424 2372 685 2459 quemadmodum
712 2372 751 2438 de
777 2372 971 2457 temporibus
1004 2371 1067 2435 illis
1100 2370 1233 2434 docebat

82 2475 238 2540 Dominus
252 2483 285 2541 et
299 2475 443 2540 dicebat:
474 2479 512 2516 ⁴“
526 2475 664 2540 Venient
679 2474 756 2552 dies,
769 2474 801 2538 in
817 2474 929 2560 quibus
942 2474 1041 2538 vineae
1055 2479 1233 2549 nascentur,

80 2578 212 2666 singulae
232 2578 340 2644 decem
359 2577 457 2643 millia
473 2578 637 2665 palmitum
656 2578 817 2655 habentes,
832 2584 867 2642 et
885 2576 918 2641 in
932 2596 995 2640 uno
1011 2574 1139 2661 palmite
1154 2573 1235 2639 dena

130 2740 247 2789 ¹Lxx.
271 2741 315 2790 τοῦ
336 2742 444 2802 ἀδελφοῦ
470 2757 522 2799 σου,
551 2739 633 2816 l'llss,
683 2738 770 2803 peoted
787 2737 893 2799 brachio,
916 2737 939 2786 is
960 2736 1074 2802 strongly
1093 2738 1236 2801 suggestive

81 2820 413 2884 fffldffldsslhsslnssffl
424 2819 505 2889 b'ldll·
684 2836 713 2884 oi
725 2838 768 2885 the
786 2836 872 2901 Syriae
893 2851 961 2884 noun
984 2801 1093 2893 llos-0,
1117 2844 1133 2878 ⁸
1153 2828 1236 2878 ‘W

131 2913 143 2946 ¹
167 2915 254 3007 LXX:
290 2918 333 2964 ⁷⁰⁰
354 2916 445 2978 ‘ml‘
467 2932 518 2965 σου·
553 2914 633 2964 ΗΘΜ·
682 2933 754 2994 ahod,
779 2934 856 2999 easily
877 2932 1000 2982 mistaten
1022 2930 1048 2978 in
1071 2927 1172 2990 writing
1196 2925 1236 2974 for

82 2999 155 3074 Μ,
172 3004 259 3046 'mm
273 3005 329 3048 lm·
684 2997 779 3089 litt-⁰
797 3043 886 3088 marn,
901 3027 962 3076 both
973 3040 1055 3074 nouus
1066 3023 1160 3085 arising
1170 3021 1236 3070 from

131 3091 143 3123 ⁸
160 3092 207 3140 We
229 3108 271 3140 are
292 3091 411 3140 indebted
430 3098 457 3140 to
476 3091 586 3151 Parrus,
607 3106 635 3139 as

83 3173 211 3223 Insanos
228 3174 331 3223 informs
348 3189 386 3234 aa,
398 3173 438 3221 for
448 3174 499 3222 this
515 3173 636 3238 mythical

83 3256 159 3315 relic,
188 3255 330 3314 Essemus,
355 3254 391 3303 H.
413 3255 441 3304 E.
466 3267 507 3302 111.
533 3268 570 3319 39,
590 3255 636 3303 has

85 3336 265 3385 characterised
287 3335 320 3384 its
342 3350 468 3398 presereer
489 3350 517 3382 as
542 3336 637 3396 σφόδρα

84 3419 166 3479 μικρὸν
191 3419 234 3466 τὸν
258 3419 319 3474 νοῦν,
344 3433 383 3465 see
405 3433 429 3480 p.
454 3431 477 3475 n,
500 3432 525 3464 n.
543 3433 566 3476 4,
586 3414 636 3463 and

85 3498 150 3557 who,
168 3497 321 3561 proiessedly
332 3497 464 3559 collecting
479 3496 522 3544 the
532 3496 638 3558 floating

85 3578 217 3627 traditione
228 3579 257 3626 oi
265 3579 304 3626 his
315 3594 368 3641 age,
380 3577 463 3640 lorgot
473 3577 530 3625 that
544 3577 638 3625 critical

85 3675 193 3720 onumen,
201 3676 228 3707 aa
237 3659 291 3708 well
299 3675 327 3707 as
336 3658 458 3722 industry,
466 3674 516 3707 was
524 3656 638 3721 required

86 3744 111 3790 iu
135 3742 173 3790 his
195 3742 264 3790 work
287 3741 316 3790 oi
328 3742 404 3805 piety.
439 3741 509 3804 Very
528 3739 638 3804 possibly

85 3824 197 3888 singular
214 3824 299 3883 sonus,
318 3823 394 3887 easily
407 3823 509 3886 passing
524 3822 579 3870 into
595 3822 639 3870 the

86 3906 174 3972 plural,
188 3922 247 3970 may
258 3906 322 3954 have
332 3905 395 3953 been
410 3904 478 3952 used.
512 3918 562 3965 ay.
575 3902 639 3952 iord

86 3990 249 4051 πρεσβύτερος
267 3988 404 4045 ἀνέμνησεν,
418 3985 432 4034 d
446 3986 489 4033 τὸν
504 3983 532 4033 'l.
549 3983 639 4041 βλεπό-

85 4087 162 4128 μενος,
194 4069 328 4128 ὰκοηκέναι,
359 4069 440 4115 aab.
474 4066 527 4114 'l'hts
553 4064 640 4114 reader

86 4168 145 4216 may
151 4167 273 4215 compare,
282 4151 308 4199 in
316 4151 360 4199 the
367 4148 510 4214 Appendix,
520 4149 564 4197 the
571 4162 640 4196 sams

86 4251 191 4300 passage
214 4235 240 4283 in
265 4250 299 4282 au
320 4233 459 4282 manian
480 4232 559 4292 form;
589 4229 640 4279 and

87 4317 120 4365 ci.
133 4317 177 4364 the
188 4320 249 4363 next
260 4319 328 4363 note.

136 4397 147 4430 ⁴
156 4396 270 4446 Internal
275 4395 391 4445 evidence
398 4393 517 4443 indicates
527 4409 543 4441 a
555 4391 641 4455 Syriae

87 4479 193 4543 original
203 4480 242 4528 ior
252 4479 302 4527 this
312 4478 437 4542 fragment
443 4493 450 4535 ;
466 4490 520 4524 acro
527 4472 638 4536 palmite,

88 4561 218 4626 oocurring
240 4561 321 4611 where
343 4575 380 4608 we
401 4555 489 4608 should
513 4555 578 4605 hare
602 4568 642 4602 ex·

684 3128 728 3177 us
744 3130 800 3175 roos
819 3108 889 3182 ὶμ.
923 3124 957 3184 n,
973 3121 1103 3180 aaaron,
1117 3120 1160 3169 us
1175 3118 1236 3166 rans

684 3207 787 3271 reading
803 3205 854 3255 had
870 3205 932 3253 been
950 3204 1050 3252 written
1066 3202 1094 3250 in
1110 3202 1154 3250 the
1171 3203 1234 3260 text,

684 3288 810 3352 naturally
821 3289 864 3336 the
875 3286 1011 3335 correction
1022 3284 1105 3333 would
1116 3283 1147 3331 be
1158 3282 1237 3331 either

686 3369 855 3428 interlined,or
863 3369 962 3417 written
973 3368 999 3415 in
1011 3367 1054 3415 the
1065 3366 1176 3428 margin3
1187 3363 1237 3412 and

685 3452 711 3499 in
726 3451 806 3500 either
822 3466 885 3510 case,
902 3450 935 3498 its
948 3448 1133 3513 incorporation
1147 3446 1173 3494 in
1187 3460 1238 3508 any

685 3531 832 3581 translation
855 3531 884 3579 ol
908 3531 951 3579 the
972 3545 1077 3593 passage
1104 3526 1177 3575 made
1203 3526 1238 3589 by

688 3613 788 3662 Parus
810 3612 893 3662 would
914 3613 945 3661 be
968 3627 1034 3675 easy.
1075 3609 1128 3656 'l'he
1154 3605 1238 3655 Greek

686 3696 747 3745 then
758 3695 840 3745 would
852 3710 951 3759 express
963 3695 987 3742 ir
1003 3693 1036 3740 sn
1053 3691 1134 3748 κλάδῳ
1144 3687 1239 3749 μυρίους

686 3780 759 3839 ὄζους,
785 3778 825 3826 nal
848 3779 873 3826 ἐν
894 3778 927 3825 er
950 3771 1077 3838 (ἀληθινῷ)
1100 3771 1145 3830 ὄζῳ
1167 3771 1239 3830 μύρια

687 3860 809 3918 κλήματα,
826 3860 914 3915 aab,
935 3855 1016 3903 where
1033 3852 1054 3901 it
1067 3865 1127 3913 may
1144 3847 1196 3897 also
1207 3847 1239 3897 be

687 3949 807 4000 observed
825 3949 882 3998 that
899 3948 943 3996 the
960 3946 1054 4010 Syriae,
1076 3957 1134 4006 μν,
1154 3958 1240 3993 means

688 4033 767 4081 either
795 4032 827 4089 tr,
851 4045 880 4077 or
908 4030 933 4076 ἓν
965 4030 1077 4087 ἕκαστον,
1104 4026 1155 4075 aad
1183 4024 1241 4073 that

687 4114 731 4162 the
747 4110 881 4161 translator
894 4109 989 4172 having
1000 4109 1073 4158 twice
1088 4106 1206 4156 rendered
1218 4106 1240 4154 it

688 4194 723 4259 by
733 4194 777 4243 the
787 4193 842 4242 first
855 4190 931 4251 word,
947 4190 1092 4240 afterwards
1109 4185 1241 4253 expressed

688 4278 710 4326 it
731 4277 765 4340 by
787 4275 830 4324 the
846 4273 945 4323 second.
979 4271 1073 4336 Again,
1092 4272 1136 4320 the
1154 4268 1241 4332 Syrlao

689 4358 739 4407 aad
756 4356 874 4407 chaldaic
890 4354 1033 4420 equiralcnt
1048 4353 1087 4402 ior
1105 4367 1120 4401 a
1138 4349 1238 4409 borch,

690 4456 806 4516 suggesta
823 4467 839 4501 a
856 4452 915 4518 play
933 4467 1001 4517 upon
1018 4449 1063 4499 the
1081 4444 1163 4496 words
1180 4427 1240 4535 ὗς]

690 4550 812 4615 turadia,
824 4550 875 4602 and
886 4530 940 4597 υἱ
945 4545 986 4642 5¹
997 4548 1148 4600 Notaretur.
