3000 4994
439 372 704 426 murmurarunt
728 371 876 426 crunon.
1166 359 1234 424 115

81 527 141 592 fuit
156 525 189 591 in
205 526 365 606 Ohanaan,
381 527 415 592 in
436 548 499 612 qua
520 533 553 592 et
571 525 724 591 Dominus
738 533 844 591 noster
858 533 998 592 servatus
1013 529 1071 606 est,
1083 527 1234 616 effugiens
1270 547 1323 588 ura
1330 549 1371 590 111.

1273 596 1334 634 xxiv.
1343 597 1361 634 2.

80 652 151 696 cam
171 630 417 716 persecutionem
441 652 511 717 quac
536 636 604 696 erat
622 630 663 694 ab
684 629 831 706 Herode,
856 639 889 696 et
912 631 980 696 hacc
1000 653 1107 697 earum
1130 631 1232 717 Scrip-
1245 641 1398 727 ‘'dpfflffi·

80 745 221 800 turarum
247 733 472 822 interpretatio,
495 734 676 821 priusquam
702 733 858 799 Dominus
886 741 993 799 noster
1021 735 1231 812 descenderet,
1247 734 1393 818 2¹}-

80 838 165 904 lacta
179 838 232 916 sit,
249 845 291 916 et,
307 845 475 923 antequam
496 836 665 903 Christiani
683 837 931 915 ostenderentur,
952 835 1156 924 interpretata
1172 838 1229 915 sit;
1244 842 1336 939 ἔξω·
1346 845 1370 885 ¹³

84 946 192 1029 (natus
206 949 255 1007 est
269 943 353 1006 enim
366 942 521 1007 Dominus
541 949 648 1007 noster
657 941 740 1007 circa
755 940 904 1025 ¹primum
919 948 952 1006 et
961 940 1233 1028 quadragesimum
1273 1026 1275 1028 Ι

79 1067 199 1111 annum
221 1046 360 1133 Augusti
381 1046 512 1133 imperii,
535 1045 634 1110 multo
654 1051 761 1110 autem
782 1044 933 1109 vetustior
949 1044 1010 1109 luit
1031 1043 1231 1124 Ptolemaeus‚

80 1153 139 1216 sub
154 1172 216 1238 quo
231 1150 442 1237 interpretatae
464 1158 539 1216 sunt
561 1149 745 1236 Scripturae)
763 1171 834 1214 vere
853 1149 1038 1236 impudorati
1054 1156 1087 1215 el
1100 1150 1233 1216 audaces

82 1253 299 1330 ostenduntur,
312 1253 364 1338 qui
377 1275 459 1318 nunc
474 1253 582 1318 volunt
595 1253 687 1318 aliter
701 1252 973 1339 interpretationes
986 1252 1097 1331 lacere,
1109 1253 1232 1340 quando

80 1379 120 1420 ex
135 1356 212 1442 ipsis
236 1355 405 1441 Scripturis
425 1364 597 1442 arguantur
610 1377 631 1420 a
645 1355 745 1435 nobis,
761 1364 794 1420 et
816 1355 961 1420 infidam
981 1356 1134 1422 adventus
1158 1355 1231 1421 Filii

81 1459 143 1525 Dei
158 1458 392 1536 concludantur.

531 1677 632 1744 OAP.
656 1678 776 1743 XXV.

158 1833 321 1911 Ostausio
338 1833 513 1935 quonium
538 1832 649 1932 Virpo
667 1833 708 1909 iu
725 1847 826 1912 utero
844 1834 1010 1935 accipiet,
1031 1849 1063 1911 ct
1080 1864 1152 1913 uou

534 1951 809 2030 adolescentulo.

147 2121 177 2184 l.
222 2119 342 2184 Fraus
364 2127 546 2197 astantem,
564 2125 597 2184 et
615 2141 678 2184 non
697 2121 781 2201 fiola,
801 2129 833 2188 et
852 2123 1014 2202 solavera,
1035 2146 1105 2211 quae
1123 2145 1233 2189 secun·

79 2220 153 2285 dum
172 2243 230 2288 nos
248 2230 298 2288 est
315 2223 403 2301 fides,
422 2222 619 2287 manifestam
637 2224 845 2289 ostensionem
862 2224 981 2291 bahem
999 2248 1039 2291 ex
1059 2225 1108 2291 his
1129 2225 1233 2313 Scn'p·

79 2323 167 2404 turis,
183 2348 254 2411 quae
267 2324 478 2413 interpretatae
492 2333 566 2390 sunt
582 2323 633 2391 illo
653 2327 745 2392 modo
760 2350 821 2414 quo
836 2328 1050 2414 praediximus3
1075 2336 1108 2395 et
1124 2328 1233 2395 Eccle-

79 2428 135 2494 siae
157 2430 353 2497 annuntiatio
374 2431 442 2497 sine
467 2430 713 2517 interpolatione.
759 2431 887 2497 Etenim
902 2432 1058 2518 Apostoli,
1075 2455 1147 2498 cum
1168 2433 1233 2498 sint

79 2532 130 2598 his
143 2532 287 2598 omnibus
301 2533 495 2610 vetustiores,
510 2539 681 2598 consonant
696 2533 853 2619 praedictae
867 2534 1123 2620 interpretationi,
1139 2541 1172 2599 et
1186 2534 1232 2598 in·

79 2635 260 2722 terpretatio
277 2642 428 2701 consonat
446 2635 669 2722 Apostolorum
689 2634 857 2700 traditioni.
896 2634 1024 2700 Etenim
1038 2634 1180 2715 'Petnra
1199 2644 1233 2700 et

80 2738 105 2803 J
106 2738 254 2818 ohannes,
270 2745 303 2804 et
319 2737 505 2813 Matthaeus,
527 2746 560 2801 et
576 2736 703 2816 Paulus,
724 2744 757 2802 et
772 2736 880 2824 reliqui
900 2737 1055 2825 deinceps,
1075 2738 1231 2804 ethorum

79 2845 313 2917 ³assectatorcs,
329 2839 509 2926 prophetica
524 2838 628 2905 omnia
638 2838 684 2904 ita
693 2838 962 2917 annuntiaverunt,
973 2839 1233 2924 quemadmodum

81 2945 244 3011 Saniorum
270 2944 485 3030 interpretatio
506 2943 654 3009 continet.
700 2943 794 3008 Unus
816 2943 900 3008 enim
927 2953 960 3008 et
988 2943 1071 3008 idem
1098 2943 1233 3030 Spiritus

81 3046 153 3127 Dei,
169 3047 220 3135 qui
246 3047 277 3111 in
292 3046 451 3133 prophetis
471 3045 594 3133 quidem
611 3045 799 3132 praeconavit
819 3047 890 3133 quis
904 3054 936 3110 et
957 3045 1057 3132 qualis
1077 3053 1160 3112 essct
1178 3046 1233 3111 ad-

80 3159 192 3217 ventus
214 3148 352 3227 Domini,
376 3148 409 3213 in
425 3147 604 3213 Senioribus
624 3156 731 3213 autem
752 3148 973 3234 interpretatus
994 3156 1043 3213 est
1064 3149 1143 3214 bene
1163 3171 1233 3236 qnae

81 3255 161 3321 bene
180 3253 365 3340 prophetata
384 3252 524 3327 fuerant3
549 3251 615 3335 ipse
634 3259 668 3316 et
688 3250 720 3315 in
736 3251 899 3337 Apostolis
917 3251 1121 3331 annuntiavit,
1137 3252 1234 3338 pleni-

81 3358 221 3424 tudinem
234 3364 409 3441 temporum
428 3353 604 3440 adoptionis
618 3354 747 3432 venisse,
768 3361 801 3418 et
819 3354 1010 3440 proximasse
1027 3376 1157 3442 regnum
1172 3377 1234 3420 coe·

82 3461 191 3540 lorum,
207 3469 240 3525 et
254 3458 427 3523 inhabitare
446 3457 528 3522 intra
542 3456 684 3522 homines
705 3457 865 3522 credentes
885 3455 918 3520 in
938 3478 1009 3521 eum
1031 3457 1139 3544 quiex
1160 3449 1234 3522 virss
1256 3499 1259 3503 ⁴

81 3565 154 3652 gine
179 3573 272 3629 natus
301 3570 351 3627 est
381 3560 578 3627 Emmanuel.
635 3559 903 3642 Quemadmodum
929 3559 988 3646 ipsi
1016 3560 1233 3640 testificantur,

131 3770 142 3802 ¹
159 3769 254 3819 Scilicet
268 3785 285 3817 o
298 3768 324 3818 J.
343 3765 447 3817 Ooeacria
463 3781 524 3815 accc.
544 3766 630 3814 Mass,
684 3770 760 3828 quote
771 3765 814 3814 tlrc
831 3765 879 3814 Old
895 3765 1039 3815 Testament
1055 3766 1080 3814 in
1095 3767 1134 3815 his
1148 3766 1235 3831 highly

81 3853 134 3902 'l'he
144 3851 298 3918 parenthesis
308 3849 379 3898 reads
390 3849 439 3897 like
450 3864 465 3897 a
476 3847 549 3911 glosa
683 3847 803 3911 practical
813 3847 908 3911 cpistle,
921 3847 980 3911 only
991 3852 1041 3896 two
1057 3847 1136 3896 direct
1146 3853 1234 3911 quota·

131 3933 143 3965 ¹
158 3935 250 3983 Petrus
257 3938 282 3981 ct
288 3933 307 3981 J
309 3933 426 3980 ohannes.
451 3928 633 3978 Dumlrcnaeuo
683 3927 750 3976 tione
767 3927 842 3990 being
858 3927 930 3975 mado
944 3928 1009 3976 from
1023 3928 1052 3988 it,
1064 3932 1092 3976 at
1103 3928 1128 3978 ii.
1143 3942 1173 3989 23
1185 3927 1235 3976 and

81 4017 213 4080 Apostolos,
234 4030 336 4078 paurum
353 4012 494 4075 Scriptum
510 4011 631 4071 lachemua,
684 4009 718 4060 iv.
734 4007 750 4058 6
759 4025 766 4068 ;
783 4025 819 4069 or,
844 4009 923 4057 which
935 4009 963 4069 is,
978 4008 1085 4068 Ithinlr,
1105 4009 1149 4057 the
1166 4013 1236 4057 trnor

75 4097 142 4160 joco
163 4097 251 4146 ordine
272 4110 398 4153 racemata,
423 4093 541 4144 Jocodum
559 4093 631 4156 pn'u·
684 4105 765 4149 cause,
789 4089 832 4137 the
853 4088 945 4136 author
966 4087 1016 4136 had
1038 4087 1097 4151 only
1114 4087 1158 4136 the
1179 4087 1236 4137 four

81 4179 160 4243 cipem
175 4194 257 4228 aarum
273 4177 360 4237 maisit,
380 4177 428 4240 ήκω
444 4175 568 4238 cpiatolm
583 4190 633 4223 uon
685 4171 789 4234 Gospels
805 4170 832 4218 in
848 4169 887 4218 hia
903 4168 980 4229 mind,
998 4169 1041 4218 tha
1056 4169 1149 4233 Gospel
1163 4170 1192 4219 of
1207 4170 1233 4222 S.

81 4255 629 4322 cidimcutcpnochacltcudcucccmp'ica'tur,
685 4253 763 4301 Marlr
771 4251 1235 4315 being‚inaccrtainsanse,rcferriblc

81 4337 212 4401 prosatico
224 4353 279 4386 curn
290 4351 411 4398 nusquam
421 4351 474 4383 cam
482 4334 568 4382 deserte
574 4333 631 4381 clle-
685 4339 712 4383 tc
728 4335 753 4383 S.
766 4333 849 4392 Peter,
861 4333 912 4381 and
923 4333 979 4381 that
992 4334 1021 4382 ol
1035 4334 1061 4383 S.
1075 4333 1149 4384 Lulre
1163 4340 1190 4384 to
1208 4336 1234 4385 S.

79 4421 154 4484 paru.
173 4421 223 4470 Gn.
253 4419 326 4467 More
338 4417 455 4481 probable
463 4430 563 4464 reasons
575 4431 633 4479 may
685 4414 756 4464 Paul.
779 4414 824 4463 Sec
835 4430 877 4478 pp.
891 4431 914 4473 4,
928 4428 951 4476 5,
965 4411 989 4475 6,
1003 4415 1053 4464 and
1064 4422 1143 4467 notes.

80 4497 634 4566 beassignedforthecmissiomitwascither
733 4494 914 4556 ³uaacctctom,
938 4511 965 4545 so
987 4497 1030 4546 the
1052 4497 1161 4558 Curram,
1183 4501 1234 4549 An.

80 4584 185 4631 hmanas
203 4582 228 4630 S.
241 4580 329 4630 Jamca
344 4581 389 4628 has
403 4579 467 4627 little
479 4578 591 4626 occasion
607 4583 633 4624 to
685 4576 826 4625 andVosS.
840 4576 916 4626 MSS.
946 4577 998 4626 The
1010 4578 1077 4628 Eun.
1091 4586 1218 4628 ammona.

1045 4666 1136 4728 8-2
