3000 4994
257 325 300 390 68
634 334 737 390 nnus
762 335 803 388 m
828 334 1010 415 aocnnsra

115 513 170 554 am.
177 512 219 552 111·
256 515 328 560 vero
342 513 450 558 omnes
465 491 543 558 salso
558 491 698 558 scientiae
713 491 837 558 nomine
853 491 963 570 inflati,
980 490 1156 576 Scripturas
1171 489 1295 575 quidem
1313 487 1408 553 confi-

97 560 238 692 ‘ffiglll'pp
256 604 372 674 tentur,
395 595 667 682 interpretationes
691 618 764 661 vero
791 602 985 672 convertunt,
1016 593 1275 679 quemadmodum
1304 599 1408 655 osten·

94 698 208 785 „¹2¹¹ss
221 780 241 785 -
256 700 358 764 dimus
373 699 406 763 in
420 699 520 785 primo
536 698 625 764 libro.
670 698 715 762 Et
730 697 855 785 quidem
870 698 902 762 hi
918 697 970 784 qui
986 719 1006 762 a
1022 697 1184 762 Marcione
1205 704 1279 760 sunt
1298 693 1406 758 statim

255 803 471 888 blasphemant
492 802 883 880 fabricatorem,‚dicentes
904 824 975 866 eum
999 799 1149 864 malorum
1175 798 1404 869 fabricatorem,

255 907 448 994 propositum
472 906 554 970 initii
578 906 626 970 sui
651 905 905 970 ‘tolerabiliorem
930 905 1095 982 habentes,
1118 903 1196 966 duos
1225 899 1408 965 naturaliter

255 1009 394 1074 dicentes
424 1008 509 1086 deos,
539 1009 693 1073 distantes
721 1011 761 1074 ab
791 1008 933 1085 invicem,
963 1007 1095 1071 alterum
1125 1004 1249 1090 quidem
1278 1004 1406 1077 bonum,

254 1112 386 1176 alterum
408 1120 514 1175 autem
535 1110 669 1175 malum:
694 1111 726 1175 hi
748 1119 855 1175 autem
873 1110 925 1195 qui
944 1118 1019 1174 sunt
1037 1130 1057 1173 a
1073 1107 1253 1184 Valentino,
1275 1105 1406 1170 nomini·

254 1214 312 1277 bus
327 1212 487 1276 honestius
502 1220 635 1290 utentes,
657 1221 690 1277 et
709 1213 846 1285 Patrem,
870 1220 903 1276 et
926 1211 1107 1288 Dominum,
1131 1217 1163 1274 et
1187 1208 1301 1286 Deum,
1323 1208 1407 1271 hunc

254 1316 306 1401 qui
329 1323 378 1380 est
399 1315 576 1394 fabricator,
599 1316 810 1394 ostendentes,
830 1316 1023 1401 propositum
1038 1314 1103 1378 sive
1121 1322 1241 1378 sectam
1261 1311 1406 1396 blasphe-

254 1420 384 1483 miorem
406 1418 654 1505 habent,neque
675 1418 842 1505 abaliquo
864 1441 904 1484 ex
927 1418 977 1483 his
1006 1439 1075 1504 qum
1101 1424 1176 1481 sunt
1205 1415 1287 1479 intra
1309 1414 1406 1499 pleni-

253 1521 394 1587 tudinem
415 1522 576 1587 AEonibus
597 1522 737 1587 dicentes
759 1544 831 1587 eum
852 1522 1011 1599 emissum,
1035 1520 1091 1586 sed
1112 1521 1153 1584 ab
1181 1542 1218 1584 ea
1241 1519 1311 1584 labe
1335 1540 1405 1604 quae

253 1633 343 1689 extra
373 1625 520 1690 Pleroma
549 1625 679 1710 expulsa
708 1632 767 1690 est.
817 1625 899 1690 Haec
927 1633 1034 1689 autem
1063 1623 1169 1689 omnia
1197 1621 1330 1688 contulit
1359 1621 1406 1687 eis

252 1729 474 1814 scripturarum
503 1737 536 1794 et
565 1728 778 1817 dispositionis
807 1728 868 1793 Dei
899 1728 1085 1816 ignorantia.
1141 1727 1209 1793 Nos
1237 1734 1342 1792 autern
1373 1734 1405 1791 et

252 1853 379 1895 oausam
400 1832 581 1896 differentiae
603 1839 874 1911 testamentorum,
897 1840 930 1898 et
951 1855 1074 1897 rursum
1095 1832 1250 1896 unitatem
1272 1838 1305 1895 et
1330 1852 1405 1896 oon-

251 1932 426 1996 souantiam
443 1932 589 2017 ipsorum,
606 1933 639 1997 in
653 1934 704 1999 his
718 1956 787 2018 quae
803 1934 949 2021 deinceps
962 1934 1066 1999 sutura
1077 1942 1161 2012 sunt,
1176 1935 1353 1999 referemus.

319 2035 371 2099 16.
416 2036 572 2117 Quoniam
593 2045 698 2101 autem
721 2045 753 2102 et
777 2037 923 2122 Apostoli
946 2046 979 2103 et
998 2038 1172 2103 ²discentes
1193 2037 1340 2123 ipsorum,
1358 2035 1405 2101 sio

252 2137 415 2216 docebant,
447 2139 708 2224 quemadmodum
737 2139 883 2205 Ecclesia
911 2141 1070 2227 praedicat,
1108 2148 1141 2206 et
1174 2139 1220 2204 sio
1256 2139 1404 2204 docentes

253 2239 381 2326 perlecti
414 2240 549 2319 suerunt,
580 2250 707 2327 propter
732 2243 815 2327 quod
837 2252 870 2308 et
898 2246 1107 2309 evocabuntur
1134 2242 1175 2307 ad
1197 2242 1401 2328 'perlectumz

152 2383 157 2395 ·
253 2342 431 2429 Stephanus
459 2344 528 2410 haec
557 2344 681 2423 docens,
708 2344 811 2411 adhuc
839 2368 912 2411 cum
941 2367 1034 2432 super
1062 2354 1176 2410 terram
1203 2353 1296 2423 esset,
1325 2344 1404 2409 vidit

250 2445 380 2532 gloriam
405 2445 476 2524 Dei,
499 2454 531 2511 et
552 2445 665 2511 lesum
687 2447 728 2511 ad
746 2448 916 2526 dexteram,
935 2456 968 2511 et
988 2447 1086 2511 dixit:
1111 2446 1198 2523 Ecce,
1217 2447 1302 2511 uideo
1317 2447 1404 2512 eoelra

250 2559 377 2635 opertos,
395 2559 423 2614 et
436 2550 560 2615 Filiam
573 2550 702 2615 lom-icis
716 2549 859 2615 ‘moutam
875 2574 895 2614 a
915 2551 1046 2616 (lectaria
1060 2550 1132 2614 Dei.
1171 2549 1216 2614 Et
1230 2549 1297 2615 haeo
1311 2550 1402 2627 dixit,

250 2661 283 2717 et
297 2652 452 2738 lapidatus
467 2661 524 2726 est,
547 2661 579 2718 et
594 2654 640 2719 sic
655 2655 823 2740 perlectam
837 2655 1009 2720 doctrinam
1024 2651 1213 2739 adimplevit,
1228 2675 1285 2738 per
1298 2653 1404 2717 omnia

249 2756 388 2842 martyrii
404 2756 589 2844 magistrum
605 2757 742 2835 imitans,
758 2764 791 2821 et
806 2757 968 2842 postulans
982 2778 1038 2842 pro
1053 2755 1099 2821 eis
1113 2755 1165 2842 qui
1186 2777 1220 2820 se
1238 2755 1403 2820 interficie-

249 2857 335 2937 bant,
351 2867 384 2923 et
396 2859 521 2924 dicens:
545 2860 687 2938 Domine,
703 2882 741 2925 aa
754 2869 870 2924 autom
884 2859 946 2923 illis
960 2860 1012 2923 loo
1023 2867 1192 2944 peccatam.
1238 2857 1292 2922 Sic
1313 2866 1402 2922 erant

249 2962 388 3046 perlecti,
412 2963 463 3047 qui
486 2986 582 3026 unum
600 2971 633 3027 et
655 2965 788 3029 eundem
811 2964 925 3041 Deum,
948 2964 988 3027 ab
1011 2960 1100 3026 initio
1122 2983 1221 3046 usque
1244 2961 1284 3026 ad
1307 2961 1402 3025 finem

248 3065 342 3129 variis
356 3065 612 3151 dispositionibus
625 3068 826 3133 assistentem
840 3067 976 3131 humano
990 3066 1107 3153 generi,
1122 3066 1279 3140 sciebant;
1297 3087 1402 3150 quem-

84 3186 219 3227 omum
248 3168 416 3233 admodum
430 3169 476 3234 ait
492 3170 575 3235 Osee
589 3172 751 3256 propheta,
774 3172 840 3258 Epo
858 3173 984 3236 oiaioms
1009 3169 1142 3258 impleri,
1166 3181 1195 3234 et
1210 3171 1245 3234 la
1264 3170 1404 3234 ommibus
1416 3186 1490 3226 aaa

241 3272 460 3358 prophetarum
483 3272 636 3338 similatus
657 3297 734 3340 sam.
780 3275 840 3357 Qui
861 3298 935 3363 ergo
950 3274 1102 3362 usquead
1116 3281 1248 3339 mortem
1269 3273 1403 3338 tradide-

248 3382 321 3438 runt
350 3374 473 3440 animas
502 3385 629 3464 propter
666 3377 872 3466 Evangelium
907 3377 1033 3452 christi,
1068 3376 1222 3462 quomodo
1258 3382 1403 3462 poterant

247 3479 418 3543 secundum
442 3479 569 3544 insitam
591 3480 769 3567 opinionem
790 3481 968 3547 hominibus
989 3481 1094 3569 loquit
1138 3481 1229 3563 Quod
1250 3480 1353 3565 ipsum
1374 3478 1401 3543 si

247 3622 286 3671 his
308 3623 357 3672 fivc
382 3625 460 3674 books
481 3625 538 3676 odo.
563 3626 653 3688 Mare,
680 3627 748 3675 sinos
770 3628 801 3676 he
848 3633 920 3687 sonet,
933 3622 1403 3688 ustmnjoremiarccearulrcbrutdlaa·

246 3705 400 3771 consessedly
418 3707 502 3756 malros
518 3724 533 3755 a
545 3707 631 3756 liberal
649 3724 692 3756 uso
707 3709 736 3756 ot
750 3709 800 3757 this
846 3707 979 3771 phemiam.
1003 3707 1215 3757 Dedaisrmcutem
1226 3706 1356 3767 Interprea,
1370 3703 1402 3752 ei·

246 3788 316 3836 work
333 3787 542 3837 ormiscum
560 3789 599 3837 his
610 3789 710 3837 trontius
729 3789 801 3838 ανα-
849 3789 945 3852 quidem
952 3788 1222 3853 rptdewpropositum
1230 3785 1403 3848 mmeiplu·

245 3869 301 3919 lent.
336 3869 389 3919 But
400 3885 437 3918 we
452 3870 512 3919 hear
528 3871 635 3934 nothing
652 3871 681 3918 of
695 3872 723 3920 it.
758 3871 797 3922 Os.
849 3869 905 3928 caet,
916 3870 1067 3918 tolerabilius
1079 3869 1189 3931 adjicere.
1207 3868 1256 3917 Ga
1288 3867 1402 3915 Marcion

245 3966 266 4000 c.
281 3952 333 4002 Vol.
346 3969 368 4001 c.
379 3966 401 4014 5,
416 3953 466 4001 and
477 3952 535 4002 Vol.
548 3965 568 4002 1.
582 3967 637 4016 219,
651 3969 675 4002 n.
690 3967 712 4003 a.
849 3953 942 4016 taught
958 3953 1016 4001 that
1031 3954 1100 4002 there
1117 3957 1167 4000 two
1183 3951 1325 4014 intelligent
1336 3951 1401 4013 prin·

295 4033 304 4064 ¹
324 4034 413 4084 Omnia
424 4034 570 4096 aeroploriu
578 4033 671 4095 labent,
685 4034 798 4083 intolera·
850 4033 933 4097 ciplea,
947 4033 996 4082 and
1014 4039 1113 4094 matter,
1127 4050 1190 4082 wera
1211 4033 1280 4082 three
1300 4032 1403 4080 distinet

246 4116 364 4175 biliorem,
381 4118 589 4180 meptoaauro.
603 4132 630 4165 ec
647 4132 692 4180 quo
705 4123 798 4165 contro·
848 4115 1091 4180 eternalprinciplcs.
1117 4114 1163 4163 Sec
1173 4114 1253 4163 Tam.
1262 4127 1281 4162 c.
1292 4111 1371 4160 More.
1381 4123 1399 4158 1.

246 4197 313 4246 rium
331 4199 451 4249 amioum
468 4199 551 4261 eliqrre
569 4199 672 4262 placuit
703 4199 800 4262 Quippe
850 4208 872 4255 a,
886 4195 943 4256 &cm
960 4195 1038 4244 ler.
1052 4194 1099 4244 Pl.
1109 4207 1158 4244 vn.
1173 4208 1277 4258 29-31,
1291 4205 1317 4241 x.
1336 4207 1372 4257 ¹9·

248 4278 362 4339 Irenoem,
376 4280 522 4341 comparatis
532 4280 595 4328 irater·
605 4296 629 4329 ac
645 4279 768 4328 Valentini
779 4286 799 4328 et
897 4276 1033 4336 ’μαθηταζ
1048 4294 1076 4325 as
1085 4278 1110 4325 in
1118 4294 1139 4326 o.
1150 4294 1190 4327 xv.
1204 4278 1252 4326 and
1261 4277 1400 4326 elsewhere.

246 4359 383 4407 Marcionis
398 4361 472 4422 sectis,
490 4361 553 4410 hamc
568 4362 654 4424 primo
670 4377 722 4411 voce
739 4361 799 4411 oma-
897 4357 908 4391 ³
925 4361 961 4408 tet
976 4360 1016 4407 rol
1032 4362 1195 4420 ἐξεκλήθησαν
1218 4361 1250 4409 elr
1271 4360 1313 4407 τὸν
1335 4377 1401 4406 τετε-

243 4439 368 4502 phemiam
384 4441 412 4488 in
432 4442 566 4491 Creatorem
576 4443 694 4505 damiam
704 4443 747 4503 cit,
761 4459 797 4491 re·
847 4443 981 4501 λειωμένον.

246 4520 303 4583 ipra
313 4527 392 4568 tamen
404 4521 584 4571 tolerabiliorem
595 4523 708 4580 mmillo:
719 4529 799 4586 utpote
896 4522 907 4553 ⁴
925 4522 978 4581 Cn,
989 4522 1076 4570 Mass.
1089 4520 1124 4569 od
1137 4522 1258 4571 dederam
1269 4523 1402 4571 uelatumem

246 4618 299 4664 quc
314 4619 363 4651 aon
381 4601 464 4651 rtatim
482 4602 581 4665 paidom
597 4604 658 4655 odeo
674 4604 798 4656 lorrrrrda
848 4604 903 4654 Dei.
