3000 4994
578 363 859 417 ruscimannus.
1228 347 1292 415 191

138 515 344 602 conscriptam
369 516 521 582 habentes
545 517 578 582 in
601 518 746 584 cordibus
777 525 810 583 et
835 517 999 583 animabus
1024 517 1099 596 suis,
1131 514 1294 604 diligentes
1330 546 1431 632 qqqpq.

138 620 258 686 scilicet
287 621 390 686 Deum
417 622 470 706 qui
496 622 570 687 lecit
598 644 662 700 eos,
683 631 716 688 et
740 622 934 687 abstinentes
959 644 1034 710 erga
1053 620 1228 707 proximum
1253 622 1294 686 ab
1307 639 1457 726 oppspfga

37 730 119 776 Mt·
139 722 310 808 injustitia:
339 732 465 809 propter
487 725 570 810 quod
589 747 652 789 non
675 724 735 789 luit
758 746 884 790 necesse
909 723 1068 790 admoneri
1092 745 1146 788 eos
1170 745 1293 810 correp·
1346 732 1417 772 ffl-

139 826 228 892 tonis
248 826 357 904 literis,
380 827 453 911 quia
472 828 628 892 uberent
649 828 681 891 in
701 828 877 914 semetipsis
892 828 1049 914 justitiam
1069 827 1175 914 Legis.
1213 826 1293 892 oum
1307 810 1457 824 “’““

138 940 245 995 autem
259 930 327 995 haec
345 931 469 1015 justitia
487 941 519 996 et
541 931 665 997 dilectio
680 954 751 1019 quae
767 941 832 996 erat
851 952 926 1018 erga
941 931 1056 1009 Deum,
1078 930 1241 996 ¹cessisset
1260 929 1293 994 in

138 1032 332 1112 oblivionem,
348 1038 397 1099 ²et
411 1034 551 1100 extincta
565 1043 648 1100 esset
663 1035 695 1097 in
713 1035 860 1121 AEgypto‚
875 1033 1049 1099 necessario
1065 1034 1153 1098 Deus
1168 1041 1294 1119 propter

138 1136 268 1201 multam
283 1158 372 1201 suam
384 1143 476 1224 ³erga
487 1138 627 1203 homines
642 1138 888 1203 benevolentiam
897 1137 1098 1223 semetipsum
1110 1137 1293 1202 ostendebat

139 1261 194 1322 per
213 1261 331 1319 vocem,
353 1248 386 1305 et
405 1241 513 1305 eduxit
532 1241 571 1305 de
591 1241 738 1327 AEgypto
756 1239 904 1325 populum
923 1239 956 1304 iu
974 1240 1099 1317 virtute,
1119 1238 1166 1303 uti
1185 1259 1294 1303 rursus

138 1342 227 1407 fieret
251 1342 344 1408 homo
365 1344 534 1430 discipulus
557 1350 589 1408 et
611 1351 749 1408 sectator
769 1343 846 1420 Dei;
872 1351 905 1408 et
920 1343 1155 1429 ⁴snbaffligebat
1174 1342 1293 1406 indicto

139 1444 327 1525 ⁵audientes‚
353 1454 390 1510 ut
418 1468 481 1510 non
510 1452 743 1511 contemnerent
768 1466 840 1510 eum
869 1444 922 1530 qui
951 1466 986 1510 se
1012 1443 1095 1521 lecit,
1119 1450 1152 1508 et
1178 1461 1294 1507 manna

139 1549 253 1615 cibavit
267 1554 366 1631 ⁶eum,
389 1551 435 1615 uti
450 1549 632 1616 rationalem
646 1550 821 1635 acciperent
837 1570 960 1614 escamz
983 1547 1244 1635 quemadmodum
1259 1554 1293 1612 et

35 1672 60 1712 o.
71 1673 115 1712 mo.
142 1653 271 1738 Moyses
284 1652 317 1716 in
332 1653 576 1718 Deuteronomio
590 1652 653 1718 ait:
676 1653 721 1716 Et
734 1651 848 1718 citanti
861 1662 889 1716 to
908 1672 1033 1728 manua,
1054 1651 1136 1737 qnod
1147 1672 1206 1715 aon
1219 1651 1292 1715 ecio·
1306 1677 1417 1718 nuenu
1426 1679 1445 1718 a

139 1753 211 1820 tant
218 1766 329 1840 patras
342 1757 398 1834 tui,
414 1757 462 1819 uti
475 1778 638 1843 cognoscas,
654 1757 797 1842 quoniam
816 1777 875 1820 uon
889 1756 923 1819 in
930 1775 1017 1840 parto
1030 1753 1089 1818 eod)
1105 1755 1182 1818 oioit
1199 1753 1292 1835 loma

139 1859 210 1923 ned
220 1859 255 1923 ia
269 1859 350 1924 oriani
364 1858 450 1924 cordo
464 1859 537 1937 Dei,
552 1860 633 1945 qnod
638 1859 778 1947 procedit
793 1860 830 1925 de
844 1880 894 1924 oro
908 1858 982 1943 qus,
998 1858 1075 1923 aicit
1087 1857 1180 1923 Ιιοηιο.

562 2131 664 2198 OAP.
687 2130 868 2198 XXVIll.

248 2270 300 2344 Iu
317 2296 386 2370 quo
403 2269 529 2368 dfflert
546 2269 753 2370 Decolopus
770 2297 796 2345 o
814 2269 965 2370 reliquis
974 2272 1180 2371 preceptis.

138 2419 206 2484 ⁸Er
229 2442 304 2507 erga
326 2420 431 2485 Deum
451 2419 647 2486 dilectionem
664 2419 873 2506 praecipiebat,
894 2427 927 2486 et
949 2443 1021 2486 eam
1038 2444 1108 2509 quae
1129 2424 1171 2488 ad
1191 2423 1294 2509 proxi·

138 2543 224 2586 mum
254 2530 303 2587 est
332 2522 491 2609 justitiam
520 2522 724 2601 ⁹insinuabat‚
749 2531 785 2586 ut
812 2543 869 2586 nec
899 2523 1044 2610 injustus,
1070 2545 1127 2589 neo
1150 2524 1294 2611 indignus

137 2623 181 2689 sit
196 2624 276 2702 Deo,
290 2629 506 2711 ¹⁰praestruens
520 2625 677 2690 hominem
691 2647 747 2711 per
760 2624 946 2712 decalogum
961 2625 994 2690 in
1008 2647 1099 2690 suam
1112 2626 1294 2706 amicitiam,

138 2734 171 2792 et
195 2749 265 2792 eam
286 2750 356 2814 quae
380 2729 462 2794 circa
481 2729 656 2815 proximum
677 2737 726 2794 est
748 2728 964 2794 concordiam:
991 2751 1060 2815 quae
1084 2729 1209 2816 quidem
1234 2728 1294 2816 ipsi

138 2830 305 2914 proderant
324 2831 452 2908 homini,
475 2831 551 2895 nihil
570 2840 676 2896 tamen
697 2831 856 2917 indigente
880 2831 950 2897 Deo
975 2834 1016 2896 ab
1036 2832 1171 2899 homine.
1218 2835 1242 2874 ¹¹
1250 2832 1295 2897 Et

136 2942 263 3019 propter
288 2933 347 2998 hoc
368 2933 528 3019 Scriptura
548 2935 612 3000 ait:
636 2933 702 2999 Hos
720 2955 867 2998 sermones
886 2933 998 3000 locutum
1020 2945 1062 3000 eat
1081 2935 1230 3000 Dominus
1251 2934 1298 3000 ad
1308 2963 1437 3004 neeesse

137 3055 252 3099 ommno
264 3056 444 3121 apaopoyam
455 3035 595 3117 filiorum
609 3034 714 3099 Israel
726 3035 760 3098 iu
775 3044 880 3114 cuuto,
896 3046 926 3100 et
939 3037 1195 3121 1²suusajeeue
1218 3037 1294 3102 nibil
1385 3030 1387 3034 Α

138 3138 232 3215 enim,
258 3138 516 3224 quemadmodum
541 3137 749 3223 praediximus,
774 3138 935 3226 indigebat
957 3139 998 3203 ab
1019 3140 1076 3205 eis.
1115 3140 1161 3204 Et
1181 3139 1293 3206 iterum

141 3241 269 3327 Moyses
280 3242 342 3305 ait:
366 3241 411 3305 Et
424 3263 503 3304 num
513 3240 626 3319 Israel,
642 3240 721 3328 quid
732 3241 882 3306 Donzinua
896 3242 981 3307 Deus
994 3253 1064 3308 tuus
1068 3244 1205 3330 ponulat
1219 3267 1239 3308 a
1255 3254 1293 3325 to,
1308 3272 1369 3313 neue
1378 3283 1400 3312 x.
1410 3272 1440 3313 ra

138 3344 201 3407 nisi
220 3344 325 3408 tunore
344 3345 510 3408 Dourion-m
523 3344 626 3408 Deum
645 3352 741 3423 tuum,
759 3343 917 3410 salulutare
935 3346 970 3410 in
989 3346 1124 3413 omnibus
1141 3348 1201 3414 ciis
1219 3348 1293 3434 oy'ua

189 3515 197 3546 ¹
216 3515 293 3565 MSS.
310 3515 384 3564 camd.
739 3517 790 3566 and
800 3518 881 3568 Voss.
894 3518 1019 3581 qfflipebot.

187 3596 199 3627 ²
215 3604 240 3646 et
256 3599 367 3646 extincta
381 3603 445 3646 esset
462 3598 487 3645 in
502 3597 623 3661 AEgypto.
658 3597 688 3647 R.
789 3599 800 3630 ⁶
818 3599 864 3648 Sea
880 3616 904 3663 p.
921 3615 974 3665 149,
989 3617 1014 3650 n.
1030 3617 1053 3660 4.

139 3678 218 3726 Moses
233 3685 253 3726 et
270 3678 339 3726 atus
356 3677 453 3737 devita
467 3686 493 3726 ut
506 3678 643 3741 ascriptis
655 3694 689 3727 eo·
786 3679 798 3712 ⁸
815 3680 969 3743 Cn.,V0ss.,
979 3681 1055 3741 Van,
1067 3683 1179 3742 butAn,
1190 3683 1233 3732 tro.
1246 3697 1293 3734 eoa.

137 3775 195 3807 rum
211 3759 302 3822 colligit
314 3759 465 3809 Minnione
482 3759 648 3810 Genebrordua
663 3759 691 3808 in
789 3762 800 3796 ⁷
816 3763 896 3812 sedin
907 3765 981 3814 muni.
1011 3765 1064 3813 The
1075 3763 1294 3813 romaindsrosthe

139 3843 266 3902 Chronico,
274 3843 692 3907 troduot‚1srudlituaiucoptioitotc
740 3845 870 3908 quotation
889 3847 910 3894 is
928 3846 977 3895 lost
994 3847 1020 3894 in
1038 3847 1081 3895 the
1098 3846 1151 3904 Cu,
1166 3845 1250 3908 owing
1266 3850 1294 3894 to

138 3925 691 3990 AEpypttocaconuanauaianutdsmlinquom
740 3926 784 3975 the
794 3931 844 3975 two
856 3927 950 3975 similar
960 3943 1102 3992 sequendas,
1114 3925 1172 3975 civit
1183 3925 1259 3976 toruo.

137 4007 295 4067 Hebraeum,
309 4023 359 4055 auo
372 4007 448 4069 peritis
463 4007 580 4067 lubitum,
592 4014 614 4056 at
625 4007 692 4055 coito
789 4006 800 4038 ⁸
816 4009 868 4057 An.
882 4009 956 4056 omits
967 4015 994 4057 ct.

138 4091 239 4139 nantino
259 4090 398 4140 retinuisse:
415 4106 497 4138 eoum
514 4090 692 4139 sanctasar‘mam
790 4089 869 4139 'Anu
883 4088 1063 4138 inducebatur.

135 4172 339 4234 patriarcham
344 4172 422 4232 fidem
435 4188 463 4220 cc
475 4172 613 4234 religionem
618 4172 692 4234 stopi-
790 4170 811 4203 ¹⁰
824 4177 977 4233 praestruens.
998 4170 1078 4219 Tbero
1089 4171 1110 4219 is
1121 4185 1154 4218 no
1165 4170 1294 4236 authority

137 4255 195 4303 tinae
211 4255 347 4316 danubre,
360 4255 414 4304 solo
425 4254 499 4317 ετὶηκ
514 4254 573 4304 Leni
583 4263 692 4317 eccepto;
740 4253 779 4302 for
793 4253 911 4302 Gnann's
926 4258 1089 4314 proenrtoeutc.
1124 4252 1177 4300 The
1195 4257 1292 4301 antece·

138 4352 192 4399 quo
205 4337 232 4384 in
242 4353 271 4384 eu
285 4336 458 4399 perseoncndo
472 4335 600 4384 scondotia'
611 4336 692 4399 digui-
740 4335 830 4383 dentis
840 4335 925 4392 ὁθεός,
936 4349 1020 4396 supro,
1030 4348 1051 4395 q.
1057 4333 1082 4383 d.
1096 4335 1292 4396 προκατασκευά·

137 4424 209 4467 tudem
220 4417 267 4466 etti
274 4417 416 4480 proruerunt.
452 4418 572 4467 Fuuaun.
741 4436 785 4468 σας
794 4418 835 4466 τὸν
847 4419 969 4479 ἄνθρωπον
981 4419 1012 4466 εἰς
1020 4420 1064 4477 τὴν
1076 4418 1150 4466 αὐτοῦ
1161 4418 1290 4480 φιλότητα.

188 4499 200 4530 ³
215 4516 273 4561 erpa
288 4499 400 4560 lomina,
415 4500 497 4548 notin
510 4499 554 4548 Cn.
568 4515 596 4547 or
607 4497 689 4548 Voss.
790 4498 811 4531 ¹¹
828 4499 929 4548 Cunna.
942 4498 1080 4549 andVoss.
1093 4499 1155 4549 omit
1165 4506 1193 4550 et.

188 4583 199 4615 ⁴
215 4584 268 4633 The
279 4584 330 4633 Aa.
344 4583 453 4648 reading,
472 4584 610 4646 ὑπέθλιψεν.
646 4583 689 4631 Cu.
789 4579 811 4612 ¹²
828 4581 865 4631 cf.
879 4598 903 4645 p.
920 4578 973 4643 186,
987 4598 1011 4631 n.
1027 4594 1048 4644 7.
