3000 4994
391 355 698 411 INCORRUPTELAE
723 354 946 410 SOA'I'URIGO.
1187 339 1253 405 103

100 517 196 610 Ἐγὼ
226 516 312 602 εἶτα,
345 518 407 590 υἱοὶ
436 517 589 613 ὑψίστου
616 514 697 590 ἐστὲ
726 514 847 595 πάντες
883 516 936 588 καὶ
973 515 1063 586 Θεοί·
1100 518 1186 599 ὑμεῖς
1214 512 1249 584 δὲ
1262 527 1418 615 Lffllffl·

1236 627 1244 652 ι
1299 623 1350 660 sss.
1360 622 1400 660 111.

100 635 139 707 ὡς
177 629 344 731 ἅνθρωποι
386 633 622 715 ἆτοθνῆσκετε.
689 630 811 702 Ταῦτα
852 631 945 722 λέγει
983 628 1068 728 πρὸς
1095 628 1172 706 τοῦς
1206 660 1250 710 μη
1274 622 1346 706 Μχιχ,
1357 670 1374 706 1,

101 741 293 838 δεξαμένους
318 745 378 826 τὴν
404 742 525 844 δωρεὰν
548 753 606 834 τῆς
632 745 804 826 υἱοθεσίας,
832 744 913 813 ἀλλ’
938 741 1165 843 ἀτιμάζοντας
1191 741 1251 823 τὴν
1264 778 1402 819 ramma,

101 855 267 955 σόρκωσιν
299 865 357 940 τῆς
386 861 532 957 καθαρᾶς
560 861 736 948 γεννήσεως
764 861 826 927 τοῦ
853 858 963 948 λόγου
987 861 1050 928 τοῦ
1075 855 1171 938 Θεοῦ,
1198 853 1251 924 καὶ
1265 828 1416 958 &Qvi

101 971 375 1069 ἆποστεροῦντας
412 969 474 1042 τὸν
516 969 689 1070 ἄνθρωπον
721 976 779 1052 τῦς
821 971 863 1045 εἷς
908 967 994 1039 Θεῦν
1036 966 1161 1051 doridos,
1199 965 1253 1037 sal

101 1085 372 1183 ἆχαριστοῦντας
400 1090 453 1174 τῷ
476 1081 558 1182 ῦτέρ
584 1083 690 1154 αῦτῶν
716 1082 918 1181 σαρκωθὲντι
944 1083 1039 1172 λόγῳ
1067 1087 1129 1153 τοῦ
1156 1081 1253 1151 Θεοῦ.

101 1197 165 1275 Εἰς
201 1202 309 1268 τοῦτο
346 1195 414 1295 γὰρ
456 1198 494 1267 Ιὁ
534 1197 641 1287 λόγος
679 1193 988 1294 ἅνθρωπος,...ἵνα
1027 1196 1046 1265 ὁ
1083 1193 1254 1292 ἅνθρωπος

101 1308 162 1381 τὸν
195 1311 304 1402 λόγον
332 1315 494 1409 χωρήσας,
519 1309 572 1380 καὶ
602 1309 662 1392 τὴν
689 1308 853 1380 υἱοθεσίαν
878 1307 1002 1395 λαβὼν,
1024 1304 1088 1386 υἱός
1117 1308 1253 1399 γένηται

102 1424 198 1494 Θεοῦ.

99 1579 178 1643 οἱουν
192 1577 323 1642 lorriaco
339 1578 517 1642 morimini.
563 1576 618 1641 Ad
640 1597 695 1642 eos
714 1574 889 1641 indubitate
905 1575 992 1654 dicit,
1015 1573 1068 1661 qui
1090 1595 1153 1638 uon
1170 1577 1255 1659 ²per·

101 1680 221 1767 cipiunt
245 1702 358 1745 munus
382 1679 570 1765 adoptionis,
595 1679 651 1745 sed
674 1687 878 1746 contemnunt
898 1677 1144 1743 incarnationem
1169 1698 1256 1765 purae

100 1785 311 1872 generationis
341 1785 440 1850 Verbi
470 1784 543 1862 Dei,
565 1784 746 1849 fraudantes
769 1782 928 1848 hominem
948 1784 990 1848 ab
1013 1803 1051 1847 ea
1073 1781 1255 1847 ascensione

101 1910 171 1974 quse
201 1896 250 1953 est
278 1889 318 1953 ad
345 1887 527 1966 Dominum,
549 1895 583 1952 et
606 1886 722 1974 ingrati
746 1886 934 1963 exsistentes
956 1883 1065 1949 Verbo
1088 1883 1160 1962 Dei,
1183 1884 1256 1971 ³qui

101 1992 281 2057 incarnatus
304 1998 353 2056 est
382 1999 509 2076 propter
537 1990 631 2076 ipsos.
678 1990 814 2075 Propter
834 1988 895 2054 hoc
920 1987 1004 2052 enim
1028 1987 1170 2052 Verbum
1193 1987 1255 2054 Dei

101 2094 213 2170 homo;
238 2094 337 2181 etqui
355 2094 454 2158 Filius
476 2094 538 2158 Dei
558 2103 616 2171 est,
637 2093 738 2159 Filius
754 2091 903 2157 Hominis
924 2091 1026 2157 factus
1040 2098 1099 2169 est,
1111 2092 1163 2157 ...⁴
1172 2113 1257 2157 com·

101 2197 220 2262 mixtus
235 2197 343 2263 Verbo
359 2197 431 2274 Dei,
444 2203 491 2261 ⁶et
504 2196 704 2280 adoptionem
716 2194 890 2282 percipiens
904 2195 961 2260 fiat
974 2194 1057 2260 filius
1072 2193 1144 2260 Dei.
1184 2195 1257 2260 Non

101 2301 185 2365 enim
200 2308 378 2385 poteramus
391 2299 482 2364 aliter
495 2298 736 2384 incorruptelam
747 2308 779 2363 et
791 2298 1056 2364 immortalitatem
1072 2301 1084 2341 ⁶
1088 2297 1256 2385 percipere,

101 2403 163 2468 nisi
192 2403 321 2469 adunati
350 2403 518 2468 fuissemus
546 2402 763 2487 incorruptelae
796 2410 830 2467 et
859 2401 1095 2467 immortalitati.
1143 2403 1258 2484 Quem·

102 2507 270 2572 admodum
294 2514 400 2571 autem
424 2505 554 2571 adunari
585 2527 746 2590 possemus
771 2505 986 2591 incorruptelae
1015 2513 1048 2570 et
1077 2505 1259 2570 immortali·

101 2611 172 2688 tati,
195 2610 256 2675 uisi
277 2610 364 2697 prius
385 2609 594 2694 incorruptela
613 2618 646 2674 et
666 2608 884 2674 immortalitas
905 2609 989 2673 facta
1003 2608 1113 2673 fuisset
1127 2608 1160 2672 id
1175 2609 1259 2694 quod

102 2722 135 2778 et
160 2735 227 2793 nos,
254 2722 291 2778 ut
317 2714 535 2778 absorberetur
560 2713 642 2798 quod
666 2721 733 2778 erat
756 2712 956 2799 corruptibile
977 2713 1019 2777 ab
1040 2711 1257 2799 incorruptela,

101 2826 135 2881 et
161 2816 243 2903 quod
266 2824 334 2882 erat
356 2816 487 2881 mortale
505 2817 546 2881 ab
570 2817 813 2897 immortalitate,
838 2825 874 2881 ut
900 2815 1034 2881 liliomm
1057 2816 1258 2901 adoptionem

101 2918 351 3005 perciperemus?

169 3025 200 3087 2.
245 3021 380 3106 Propter
401 3021 461 3087 hoc
483 3023 715 3088 Graecatiorem
737 3024 800 3108 ey‘oa
821 3024 889 3112 qais
907 3023 1089 3089 manabit?
1111 3024 1257 3112 quoniam
1270 3045 1397 3087 marsna

101 3125 185 3189 domo
204 3134 254 3202 est,
278 3135 307 3190 et
332 3127 401 3210 qaia
423 3135 559 3211 syoosect
581 3127 674 3190 eum?
718 3127 888 3214 Cognoscit
909 3136 1015 3193 autem
1036 3128 1124 3192 illum
1147 3129 1184 3209 is,
1207 3130 1397 3236 ⁰¹¹i{,‘¹·,2'¹,¹,·,⁹j

103 3227 201 3293 Pater
215 3228 268 3315 qui
283 3237 332 3294 est
347 3229 379 3292 in
395 3230 483 3294 coelis
497 3229 653 3309 revelavit,
664 3237 700 3294 ut
711 3229 867 3317 intelligat
881 3230 1027 3318 quoniam
1043 3232 1070 3296 is
1085 3233 1138 3319 qui
1152 3255 1211 3298 μου
1223 3255 1259 3297 νο
1269 3207 1382 3330 γζὶιιιιὲ
1400 3197 1420 3245 ⁸

100 3332 253 3397 volontate
267 3334 372 3397 corais
385 3356 530 3421 υυοαυοο
543 3333 695 3398 volontate
709 3335 775 3398 oiri
790 3345 881 3399 actaea
901 3344 962 3400 rest
980 3334 1081 3400 Filius
1099 3335 1257 3416 Hominis,

100 3433 154 3500 hic
166 3442 215 3500 est
230 3434 374 3500 Christus
391 3434 491 3500 Filius
506 3435 568 3501 Dei
578 3435 649 3501 vivi.
686 3436 842 3519 Quoniam
857 3437 941 3502 enim
956 3459 1047 3503 nemo
1059 3439 1091 3503 in
1103 3446 1206 3504 totum
1217 3461 1258 3506 ex

152 3603 257 3655 1.Ῑεωαα
271 3604 389 3654 Lotinraa
404 3605 459 3667 laps,
477 3606 576 3667 ὸλόγος
595 3606 657 3654 θεοῦ
706 3608 742 3671 by
762 3608 806 3657 the
829 3609 967 3659 translator
988 3610 1014 3660 in
1037 3612 1076 3660 his
1099 3627 1170 3676 copy.
1204 3612 1258 3662 'I'hs

102 3687 234 3749 ἄνθρωπος,
257 3694 278 3735 ct
300 3686 363 3734 addc
384 3686 497 3748 irssuper:
521 3688 562 3735 rol
578 3688 592 3736 d
610 3689 657 3737 olda
707 3689 920 3740 Greekindicatoa
935 3692 1042 3741 tholosa
1059 3693 1258 3744 oiutltomobs·

101 3768 219 3816 Θεοῦυὶὸς
228 3769 352 3829 ἀνθρώπου
361 3769 483 3828 ἐγεννήθη.
497 3767 548 3818 Gn.
563 3768 654 3828 Cina
706 3771 759 3820 lore
780 3773 823 3821 the
844 3772 912 3820 word
938 3774 1091 3830 commutetur,-
1117 3775 1189 3823 while
1215 3775 1258 3824 tho

152 3846 164 3879 ¹
180 3849 288 3898 aaran.
301 3848 440 3911 Recipiunt.
706 3852 855 3901 translation
866 3869 992 3916 expresses
1003 3872 1019 3903 a
1029 3855 1139 3903 member
1149 3856 1205 3904 that
1213 3857 1259 3906 has

152 3929 655 3995 'abactaeChussu.,Voss.,M1tno.1.,
707 3933 868 3998 disappoarsd
884 3935 947 3984 from
964 3937 1007 3984 the
1018 3936 1101 3985 Greek
1112 3941 1174 3987 text.
1204 3939 1259 3988 Un-

100 4014 149 4062 but
160 4013 211 4061 Aa.
225 4013 289 4076 qaod
300 4014 463 4063 incantatum.
706 4015 754 4065 less
765 4016 852 4064 indeed
864 4017 934 4064 there
945 4018 990 4065 has
1001 4018 1064 4066 been
1075 4035 1090 4066 a
1100 4018 1255 4082 dislocation,

153 4095 320 4144 ‘cornminus
344 4097 365 4144 is
390 4112 406 4144 a
428 4113 489 4160 very
514 4097 657 4146 inaccurato
707 4099 776 4147 these
794 4097 874 4146 words
890 4099 983 4161 having
1000 4099 1062 4148 been
1082 4101 1191 4165 brought
1209 4103 1257 4152 sor·

101 4176 250 4226 translation
269 4177 297 4225 os
316 4179 436 4239 χωρήσας,
457 4177 507 4226 and
525 4178 596 4227 bears
613 4179 657 4226 the
707 4180 776 4230 ward
786 4181 849 4229 from
861 4181 904 4229 the
915 4180 963 4229 last
975 4181 1059 4230 lincol
1068 4183 1177 4233 thsnoxt
1185 4202 1257 4251 page.

100 4261 170 4309 taint
186 4260 214 4309 ol
226 4260 426 4324 Eutychiauism.
462 4261 556 4309 Galsa
567 4262 657 4311 should
755 4262 883 4312 lcum.
896 4269 923 4312 ot.
956 4263 1008 4312 The
1020 4266 1091 4313 other
1103 4265 1179 4318 MSS.
1194 4277 1228 4320 at.

101 4345 134 4392 be
154 4344 296 4404 consultsd3
318 4345 350 4393 he
367 4361 486 4409 supposes
500 4346 557 4394 that
573 4345 658 4394 Tmto·
755 4344 766 4377 ⁶
779 4347 907 4408 percipere,
919 4346 1124 4410 eman.,v0ss.‚
1137 4350 1257 4404 Floram

100 4425 213 4473 manr's
236 4426 376 4490 orthodoxy
395 4443 454 4490 may
476 4427 540 4475 havs
568 4426 657 4475 caused
706 4444 794 4490 scorp,
807 4428 837 4476 al
852 4428 973 4490 occipcm
989 4431 1094 4481 theAn.
1107 4433 1158 4482 and
1169 4435 1257 4486 Maso.

100 4507 155 4554 him
173 4511 200 4554 to
216 4508 353 4557 substituto
370 4511 483 4570 χωρήσας
499 4509 538 4557 for
554 4526 657 4571 συγκρα-
707 4523 736 4560 11.
750 4511 812 4558 omit
822 4511 865 4559 the
876 4513 935 4561 verb
946 4513 1091 4578 altogether.

101 4589 159 4648 θεὶς,
169 4604 197 4637 or
207 4589 246 4638 lor
254 4591 380 4639 whatever
387 4591 458 4639 other
465 4591 533 4639 word
541 4608 591 4640 was
598 4592 657 4640 read
755 4592 766 4626 ⁷
784 4593 827 4644 Gt.
840 4595 914 4644 omits
925 4603 964 4647 cd.
