3000 4994
441 360 545 413 arun
572 360 728 412 Paruum
755 360 939 413 exserere.
1218 344 1262 409 95

113 531 282 575 vencnum:
307 511 389 575 sieut
403 511 473 596 quis
487 533 575 598 aquae
596 512 729 578 mixtum
744 513 891 600 ¹gypsum
906 513 984 577 dans
998 534 1055 598 pro
1068 513 1159 590 lacte,
1174 510 1264 576 sedu-
1300 529 1404 614 '‘Jffl·

113 621 164 677 cat
179 636 233 699 per
247 613 479 679 similitudinem
500 614 621 692 coloris,
637 616 719 681 sicut
734 617 876 702 ²quidam
897 616 976 680 dixit
999 615 1139 701 superior
1161 614 1261 692 uobis,
1276 603 1425 707 ‘tffllstffif-

113 716 152 780 de
167 716 309 780 omnibus
329 717 381 802 qui
403 716 539 803 quolibet
562 719 654 781 modo
674 719 843 804 depravant
863 741 932 803 quae
947 726 1021 782 sunt
1037 718 1110 795 Dei,
1131 725 1164 782 et
1177 716 1263 782 adul·
1278 714 1424 800 2¹¹2-

107 816 215 884 'terant
229 820 412 894 veritatem
435 820 493 884 ⁸In
508 821 571 884 Dei
584 820 661 886 lucto
672 844 797 908 pppsum
814 822 893 886 reale
907 822 1058 886 miscetur.

583 1108 684 1173 CAP.
709 1107 816 1173 XIX.

190 1273 278 1361 Quo
295 1271 503 1370 consessit,
523 1285 562 1345 ut
577 1272 724 1347 uerbum
742 1271 820 1348 Dei
835 1275 1063 1371 corofieret:
1092 1287 1134 1364 et,

187 1389 374 1464 Aduersus
391 1415 448 1463 cos
465 1388 529 1487 qui
543 1387 671 1464 dicunt
688 1388 791 1464 illum
802 1389 970 1488 putative
987 1389 1217 1489 oppromrieso.

115 1575 144 1635 l.
191 1568 342 1633 Osrsuso
376 1569 549 1647 manifeste,
583 1571 666 1655 quod
696 1570 728 1633 in
758 1569 907 1656 principio
938 1570 1080 1635 Verbum
1110 1570 1263 1635 exsistens

111 1673 194 1758 apud
215 1672 330 1750 Deum,
354 1694 409 1757 per
431 1694 523 1756 quem
542 1672 648 1737 omnia
668 1672 752 1737 facta
772 1681 856 1749 sunt,
879 1672 932 1756 qui
954 1682 986 1737 et
1008 1694 1130 1758 semper
1155 1673 1264 1738 aderat

111 1774 215 1860 generi
238 1776 384 1851 humano,
412 1775 494 1839 hune
520 1774 553 1838 in
579 1773 755 1839 novissimis
778 1774 969 1859 temporibus
992 1775 1162 1840 secundum
1186 1797 1264 1860 prae-

111 1876 231 1939 finitum
248 1884 371 1961 tempus
385 1898 406 1940 a
421 1876 528 1951 Patre,
540 1875 663 1939 unitum
677 1897 734 1939 suo
749 1874 902 1959 plasmati,
915 1876 1092 1961 passibilem
1108 1876 1264 1941 hominem

111 1982 237 2055 tactum,
260 1971 392 2043 exclusa
405 1987 455 2044 est
478 1978 578 2042 omnis
599 1978 803 2042 contradictio
826 1978 1015 2043 dicentium:
1042 1979 1075 2042 Si
1098 2000 1172 2065 ergo
1188 1987 1270 2045 tuno

111 2090 277 2158 natusest,
293 2103 355 2144 non
374 2090 442 2146 erat
461 2103 536 2167 ergo
555 2090 629 2146 ante
654 2080 807 2145 Christus.
854 2081 1056 2146 Ostendimus
1076 2084 1169 2160 enim,
1191 2084 1264 2170 quia

112 2207 174 2249 non
192 2193 266 2249 tunc
289 2185 385 2270 coepit
402 2183 502 2248 Filius
524 2183 596 2259 Dei,
618 2183 773 2247 exsistens
792 2205 914 2269 semper
933 2185 1016 2270 apud
1035 2186 1183 2261 Patrem;
1207 2188 1262 2251 sed

112 2288 233 2374 quando
255 2287 433 2351 incarnatus
455 2295 513 2363 est,
536 2287 684 2351 ethome
706 2287 817 2358 sactus,
840 2286 965 2373 longam
987 2287 1145 2351 hominum
1168 2311 1262 2373 expo·

111 2391 255 2455 sirionem
284 2390 316 2452 in
345 2389 448 2475 seipso
475 2388 699 2475 recapitulavit,
729 2389 762 2452 in
791 2389 989 2474 ⁴compendi0
1019 2391 1108 2454 nobis
1128 2391 1263 2455 salutem

111 2502 271 2579 praestans,
302 2502 337 2556 ut
367 2493 451 2580 quod
480 2492 710 2578 perdideramus
739 2493 770 2556 in
800 2492 916 2568 Adam,
947 2491 978 2554 id
1004 2500 1062 2568 est,
1092 2493 1262 2557 secundum

110 2598 277 2684 imaginem
302 2607 334 2662 et
359 2596 593 2661 similitudinem
615 2617 684 2661 esse
707 2596 778 2673 Dei,
800 2595 860 2660 hoc
883 2594 914 2658 in
934 2593 1058 2659 Christo
1080 2595 1161 2660 «lesu
1185 2596 1262 2660 reei-

112 2722 265 2785 perernus.

175 2807 206 2866 2.
244 2802 326 2884 Quia
349 2802 432 2866 enim
458 2825 521 2865 non
547 2811 612 2866 erat
640 2800 795 2887 possibile,
819 2821 891 2864 eum
913 2799 1070 2864 hominem
1093 2799 1144 2886 qui
1167 2800 1262 2863 semel

110 2905 209 2970 victus
224 2907 324 2970 suerat
339 2913 372 2970 et
389 2906 484 2970 elisus
504 2927 558 2990 per
579 2903 830 2979 inobedientiam,
848 2902 1045 2988 replasmare,
1069 2910 1103 2967 et
1122 2901 1263 2967 obtinere

109 3009 265 3072 ⁵bravium
294 3008 441 3085 victoriae,
473 3009 585 3072 iterum
618 3016 724 3071 autern
751 3005 940 3090 impossibile
968 3014 1036 3071 erat
1065 3013 1100 3069 ut
1129 3005 1263 3068 salutem

110 3109 280 3195 perciperet
295 3110 348 3196 qui
373 3111 430 3173 sub
446 3119 574 3195 peceato
590 3108 753 3186 ceciderat,
776 3117 907 3194 utraque
922 3115 1067 3194 operatus
1086 3116 1134 3173 est
1151 3106 1261 3183 Filius,

112 3210 253 3275 Verbum
287 3211 345 3275 Dei
374 3211 539 3288 exsistens,
566 3231 585 3273 a
609 3211 706 3274 Patre
735 3210 935 3283 descendens,
961 3219 994 3273 et
1017 3209 1204 3288 incarnatus,
1230 3217 1263 3273 et

110 3314 273 3399 usquead
304 3323 436 3378 mortem
463 3314 663 3389 descendens,
693 3322 726 3376 et
755 3312 1014 3397 dispensationem
1043 3333 1262 3376 consummans

110 3417 219 3480 salutis
234 3424 359 3493 nostrae,
373 3416 423 3480 cui
436 3416 559 3480 eredere
574 3437 632 3479 nos
646 3415 820 3479 indubitate
834 3415 1014 3490 adhortans,
1027 3414 1140 3478 iterum
1152 3414 1259 3479 ⁶dicit:

110 3518 162 3581 Nc
172 3518 290 3583 deeris
303 3520 337 3582 in
351 3519 439 3582 corde
454 3529 512 3595 tuo,
539 3518 613 3597 Quis
632 3519 816 3582 ascenditis
834 3517 963 3582 cretum?
985 3518 1036 3581 loc
1052 3527 1093 3581 est
1110 3518 1262 3582 Christum
1276 3545 1335 3584 uam.
1345 3555 1365 3583 ι.
1375 3545 1395 3590 e,
1405 3543 1423 3589 7.

110 3621 264 3686 deducere.
311 3623 387 3699 Aut,
411 3620 485 3698 Quis
504 3620 656 3686 descendit
681 3621 715 3683 in
737 3619 894 3704 clipeum?
925 3619 977 3683 loc
1000 3628 1041 3683 est
1066 3619 1216 3683 Christum
1241 3642 1262 3684 a

158 3813 168 3844 ¹
186 3813 271 3861 Pu1ur
283 3813 371 3861 relates
383 3813 425 3861 the
437 3813 531 3862 caseos
539 3829 555 3861 a
564 3829 623 3861 man
635 3813 664 3861 of
712 3829 778 3861 more
785 3813 835 3861 like
842 3813 884 3861 the
891 3811 989 3870 dictum,
997 3812 1039 3859 τοῦ
1048 3811 1178 3872 κρείττονος
1187 3810 1259 3868 ἡμῶν.

108 3895 171 3942 rank
187 3895 243 3942 who
260 3894 333 3942 killed
351 3894 452 3942 himself
466 3895 499 3957 by
515 3893 663 3956 drinkinga
760 3892 813 3940 ⁴in
826 3892 972 3954 compendio.
1000 3892 1053 3940 The
1062 3891 1212 3953 meaningof
1220 3891 1263 3939 the

108 3976 186 4039 liquid
208 3977 365 4039 preparation
388 3977 417 4024 of
435 3992 550 4040 gypsum.
580 3976 662 4024 Emm-
711 3979 774 4023 term
797 3974 847 4022 will
868 3975 899 4022 be
920 3974 976 4022 best
999 3989 1056 4021 seen
1083 3972 1192 4035 through
1220 3973 1263 4020 the

104 4057 176 4118 plum
187 4057 279 4106 illustre
289 4057 315 4107 O.
327 4057 483 4105 Proculeium
494 4056 599 4117 esayam
612 4056 661 4106 Oc·
712 4056 801 4115 Greek,
811 4058 855 4114 τὴν
866 4056 962 4117 χρονίαν
971 4056 1100 4116 ἀνθρώπων
1111 4054 1226 4101 ἀπόθεσιν
1238 4055 1264 4101 ἐν

107 4141 171 4186 roma
187 4138 344 4200 familiarem
362 4138 491 4187 subnixum
511 4138 538 4185 in
556 4138 662 4185 maximo
712 4137 790 4197 ἑαυτῷ
798 4136 1011 4198 δνεκεφαλαίωσεν,
1023 4135 1144 4193 συντόμως
1154 4134 1209 4192 ἡμῖν
1217 4136 1261 4194 τὴν

106 4219 222 4268 stomachi
230 4220 310 4268 dolore
316 4226 459 4281 pyprcpoto,
470 4218 607 4268 conscium
615 4218 662 4267 ribi
712 4218 831 4278 comptor
846 4217 1004 4278 χαριζόμενος.
1040 4215 1078 4263 Cf.
1092 4215 1131 4273 88,
1145 4229 1206 4264 mr.

107 4307 213 4350 morrena.
243 4302 279 4350 Η,
292 4302 325 4350 N.
340 4312 432 4349 xxxva
448 4317 485 4362 24.
759 4298 770 4330 ⁶
787 4298 905 4356 brueriam,
919 4298 1040 4358 βραβεῖον.
1079 4311 1088 4344 1
1101 4295 1157 4344 Cor.
1171 4297 1204 4345 ix.
1215 4309 1253 4357 24.

157 4381 169 4412 ²
186 4381 231 4431 See
242 4382 300 4431 Vol.
314 4394 332 4431 1.
345 4396 366 4443 3,
380 4399 405 4431 n.
418 4397 439 4444 3.
759 4375 770 4408 ⁶
786 4377 839 4424 The
850 4374 945 4437 subject
957 4375 985 4423 ot
993 4391 1014 4424 c.
1025 4387 1091 4422 xvrr.
1107 4375 1127 4424 is
1139 4376 1260 4434 returned,

157 4461 169 4494 ²
186 4462 281 4511 Genus
292 4462 416 4511 considers
431 4463 500 4511 these
511 4462 570 4511 final
580 4460 661 4510 words
711 4459 761 4507 aud
776 4459 820 4506 the
835 4458 933 4520 subject
948 4457 976 4505 oi
991 4458 1034 4505 the
1051 4457 1111 4505 verb
1126 4456 1186 4505 dicit
1202 4457 1222 4504 is
1235 4457 1260 4507 S.

107 4552 136 4593 to
153 4545 185 4593 be
204 4561 220 4594 s
238 4544 361 4608 marginal
379 4550 444 4604 note,
466 4545 512 4591 but
529 4544 590 4606 they
602 4542 661 4589 read
712 4539 783 4597 Paul,
794 4539 875 4587 whose
887 4539 1021 4601 testimony
1032 4538 1053 4585 ie
1064 4538 1133 4586 there
1141 4536 1260 4586 adduced.
