3000 4994
435 333 782 387 RESURRECTIONEM
808 334 955 389 INNUI'l'.
1202 323 1266 388 155

111 498 203 542 suum
218 478 309 544 docet
323 478 464 545 homines
478 481 557 547 scire
570 481 685 547 Deum.
731 482 794 546 His
809 481 904 569 igitur
914 482 967 569 qui
981 483 1125 549 nesciunt
1139 485 1216 564 haec,
1233 495 1265 552 et
1278 501 1330 540 UB-
1289 502 1429 589 aalys

110 590 237 667 propter
259 583 319 650 hoc
342 583 474 650 alterum
498 585 659 651 advenisse
678 593 791 672 putant
814 587 952 666 Patrem,
968 588 1054 673 juste
1076 589 1145 675 quis
1167 589 1261 656 dicit:
1287 594 1364 634 Μ
1374 595 1415 636 1V

110 683 248 763 Erratis,
263 686 420 752 nescientes
433 688 620 774 Scripturas,
635 710 729 775 neque
743 690 884 755 simmam
898 690 972 755 Dei.
1276 717 1429 794 ὦ

593 912 695 978 ΟΑΡ.
719 912 786 980 ΙΧ.

111 1063 429 1152 Quemadmodum
453 1067 639 1142 Dominus
664 1094 746 1144 cusu
771 1070 836 1169 qui
859 1070 905 1145 de
935 1071 1024 1146 subo
1051 1072 1187 1146 locutus
1212 1084 1261 1146 est

232 1181 286 1255 ad
307 1181 474 1279 Moysen
492 1185 678 1281 confitetur·
695 1211 766 1260 esse
786 1185 910 1260 Deum
926 1186 1131 1261 uiuentium.

173 1347 203 1407 l.
248 1344 413 1410 Dournus
439 1348 522 1412 enim
548 1355 655 1413 noster
683 1355 715 1413 et
745 1348 894 1435 magister
922 1349 955 1413 in
983 1371 1021 1414 ea
1048 1349 1258 1434 responsione,

106 1467 200 1530 quam
211 1446 320 1512 habuit
334 1449 376 1513 ad
391 1449 588 1528 Sadducaeos,
601 1450 653 1535 qui
668 1450 776 1516 dicunt
790 1450 1045 1516 resurrectionem
1058 1472 1121 1515 non
1133 1472 1211 1529 esse,
1227 1459 1260 1515 et

106 1557 232 1634 propter
245 1550 305 1615 hoc
325 1553 546 1618 inhonorantes
566 1554 669 1617 Deum
683 1562 778 1639 atque
795 1553 873 1640 Legi
888 1553 1096 1631 detrahentes,
1112 1560 1144 1617 et
1158 1574 1259 1618 resur-

105 1662 170 1717 rect
171 1653 271 1719 ionem
299 1658 435 1723 ostendit
463 1665 496 1722 et
520 1657 624 1721 Deum
647 1657 867 1736 manifestavit,
892 1656 999 1722 dicens
1026 1656 1090 1721 eis:
1120 1658 1257 1735 Erratis,
1270 1675 1421 1770 minim

104 1757 262 1821 uadentes
282 1759 386 1844 Sormt
387 1783 470 1838 uras,
486 1782 579 1846 neque
593 1761 734 1824 sistentem
753 1760 825 1825 Dei.
869 1760 920 1823 De
936 1759 1150 1823 resurrectione
1168 1761 1257 1838 mins,

104 1855 215 1942 inquit,
230 1871 487 1927 ιιιιιιιιιιιιιιιιιιι
450 1864 601 1950 autemst
589 1886 614 1928 ss
628 1864 706 1949 quid
724 1863 786 1926 dict
774 1873 837 1927 tum
858 1872 899 1927 est
915 1885 936 1926 a
950 1863 1016 1926 Deo
1036 1863 1169 1926 dicente:
1193 1862 1259 1947 Eoo
1272 1858 1403 1913 ΜΙΜ

103 1981 169 2022 asne
194 1963 282 2027 Deus
296 1964 466 2044 Abraham,
493 1976 520 2031 et
542 1969 629 2031 Deus
651 1966 752 2042 Isaac,
776 1974 804 2030 et
824 1965 909 2029 Deus
928 1963 1049 2027 Jacob?
1072 1971 1104 2028 et
1125 1964 1257 2048 adjecit:
1344 1957 1345 1960 ¹

103 2061 178 2124 Nou
201 2073 241 2127 est
256 2067 352 2131 ιΙὶιιιι
371 2077 563 2146 inactuosum,
584 2067 637 2132 sed
652 2068 836 2132 maenti-um:
860 2087 968 2131 omnes
985 2065 1070 2130 enim
1089 2065 1118 2129 ei
1140 2067 1257 2132 vivunt.

105 2162 169 2227 Per
183 2166 250 2232 haec
268 2169 374 2255 utique
390 2169 588 2234 manifestum
609 2169 692 2248 iecit,
709 2168 855 2253 quoniam
871 2167 897 2230 is
913 2167 965 2252 qui
985 2168 1025 2231 de
1044 2168 1121 2231 rubo
1136 2167 1258 2234 locutus

103 2275 153 2330 est
177 2269 292 2354 Moysi,
311 2278 343 2334 et
364 2271 573 2335 manifestavit
592 2293 626 2335 se
645 2292 714 2335 esse
734 2271 838 2334 Deum
858 2277 992 2355 patrum,
1012 2269 1063 2333 his
1085 2278 1134 2334 est
1155 2271 1257 2336 viven-

103 2370 182 2434 tium
197 2371 295 2437 Deus.
341 2372 418 2454 Quis
437 2373 521 2437 enim
541 2381 590 2438 est
604 2373 742 2438 vivorum
758 2373 856 2450 Deus,
875 2373 934 2435 nisi
953 2372 1005 2456 qui
1026 2380 1074 2436 est
1088 2372 1203 2450 'Deus
1224 2381 1256 2437 et

102 2495 196 2559 super
214 2496 306 2560 quem
320 2475 400 2539 alius
421 2498 483 2540 uon
499 2485 547 2541 est
562 2477 671 2541 Deus?
708 2477 808 2558 Quem
824 2484 855 2540 et
874 2474 987 2539 Daniel
1004 2474 1164 2560 propheta,
1185 2496 1257 2539 cum

102 2575 235 2642 dixisset
255 2577 283 2642 ei
307 2578 405 2664 Cyrus
425 2600 480 2643 rex
501 2579 679 2656 Persarum,
699 2578 801 2657 Quium
820 2599 880 2641 nm
898 2576 1011 2640 adoras
1025 2575 1109 2639 Bet?
1139 2597 1257 2640 annun·
1270 2601 1404 2643 aazias

102 2678 203 2758 siavit,
218 2681 339 2746 dicens:
358 2682 507 2760 Quoniam
520 2703 579 2745 noce
593 2681 654 2745 coto
664 2680 749 2745 idda
764 2681 951 2763 nsanufaeta,
963 2679 1017 2742 sed
1029 2679 1131 2742 uinum
1145 2679 1256 2759 Deum,
1270 2695 1323 2736 nm.
1332 2699 1401 2739 arm

103 2782 159 2866 qm'
171 2785 323 2849 constituit
336 2784 441 2849 cuium
461 2793 488 2848 ιι
503 2793 628 2862 terram,
648 2794 677 2848 ιι
689 2782 776 2847 tabet
790 2782 884 2846 ottenis
900 2781 1003 2845 camois
1016 2780 1256 2847 dominationem.

104 2882 224 2947 Iterum
249 2885 348 2949 dixit:
372 2886 538 2951 Dominum
561 2885 663 2949 Deum
683 2905 781 2949 meum
807 2881 950 2961 adorabo,
976 2882 1119 2968 quonium
1143 2881 1193 2946 iio
1216 2891 1414 2948 asumma.

103 2984 189 3049 Deus
203 2987 298 3050 ciuus.
883 3060 887 3069 ¹

168 3091 199 3153 2.
238 3089 299 3170 Qui
325 3088 420 3176 igitur
442 3112 462 3153 a
488 3090 648 3176 prophetis
674 3089 861 3155 adorabatur
890 3087 978 3153 Deus
1003 3087 1100 3167 vivus,
1127 3087 1178 3152 hic
1207 3096 1256 3153 est

101 3190 239 3256 visorum
259 3191 357 3269 Deus,
372 3198 424 3258 8et
438 3191 598 3257 ⁴Verbum
613 3193 690 3278 ejus,
706 3191 759 3278 qui
774 3199 806 3257 et
821 3190 943 3257 loeutus
957 3196 1006 3255 est
1022 3190 1139 3276 Moysi,
1155 3192 1207 3276 qui
1223 3203 1257 3259 et

102 3294 292 3359 Saddueaeos
306 3295 474 3382 redarguit,
496 3295 548 3380 qui
568 3305 600 3360 et
615 3295 871 3361 resurrectionem
889 3293 1032 3358 donavit:
1057 3301 1188 3380 utraque
1205 3296 1255 3361 his

101 3395 154 3479 qui
168 3396 337 3462 caecutiunt
349 3399 525 3475 ostendens,
541 3399 572 3463 id
587 3407 646 3477 est,
662 3397 916 3463 resurrectionem
931 3404 965 3462 et
979 3396 1093 3460 Deum.
1124 3397 1159 3461 Si
1171 3399 1254 3462 enim

101 3496 190 3563 Deus
212 3507 404 3564 mortuorum
426 3522 489 3565 non
510 3509 569 3577 est,
589 3502 645 3566 sed
664 3501 812 3578 vivorum,
835 3501 886 3565 hio
908 3506 1014 3564 autem
1034 3499 1254 3564 dormientium

100 3608 224 3686 patrum
239 3602 327 3667 Deus
346 3603 449 3668 dictus
466 3611 524 3682 est,
541 3603 713 3669 indubitate
733 3603 839 3668 arunt
853 3602 934 3682 Deo,
950 3611 983 3667 et
1002 3624 1065 3667 non
1086 3603 1251 3687 perierunt,

151 3789 160 3821 ¹
177 3790 244 3840 Deus
254 3791 329 3841 semel
341 3791 396 3857 Syr.
409 3793 447 3841 bis
459 3792 552 3841 Graece.
700 3807 796 3853 nornen,
815 3798 836 3841 ιι
851 3790 1005 3841 danaorum
1019 3789 1115 3839 inermes
1129 3789 1203 3853 plane
1218 3806 1253 3840 re-

150 3869 265 3920 'Mttna
290 3885 330 3935 11,
352 3874 399 3921 but
421 3889 453 3921 no
471 3874 543 3922 other
562 3872 648 3934 MSS,
695 3872 768 3936 futu
804 3872 833 3920 Is
853 3871 919 3920 euim
941 3870 983 3934 qui
1006 3870 1097 3919 umens
1122 3876 1155 3919 ιιι
1175 3870 1249 3932 Mori,

100 3951 158 4001 hers
173 3953 251 4002 insert
260 3969 333 4015 super
347 3954 437 4015 omnia,
452 3971 479 4003 so
490 3955 589 4018 printed
599 3955 651 4004 also
699 3954 803 4016 seipsum
825 3952 933 4014 appellat
954 3951 973 3999 J
974 3961 1070 4010 unove,
1090 3966 1136 4013 quo
1157 3952 1253 4002 nomine

99 4033 126 4081 in
141 4033 184 4081 the
195 4033 282 4082 earlier
296 4034 409 4095 editions,
424 4036 474 4084 and
485 4035 588 4084 Gnann.
700 4034 786 4085 Iudai
796 4032 871 4082 simsd
883 4039 904 4081 et
918 4030 1024 4081 harditi
1037 4030 1176 4091 confitentur
1189 4039 1253 4081 ater·

148 4112 190 4163 'et
203 4114 304 4165 Verbum
310 4114 649 4179 q'us...ipeeiqitur0tristns.
699 4131 759 4165 nom
772 4113 821 4164 Dei
833 4112 958 4163 essentium
969 4119 990 4161 et
1005 4112 1149 4174 rumestatan
1159 4112 1251 4175 sinnit-

98 4198 188 4258 apuu
198 4204 377 4262 salutantesque
391 4198 515 4249 Otto-irtam
525 4197 651 4261 profitetur
700 4196 762 4246 cori.
799 4194 909 4246 Uirium
935 4200 1014 4243 auum
1038 4208 1093 4242 eum
1114 4193 1189 4244 Patre
1210 4195 1253 4245 su

97 4293 177 4327 meust
197 4293 245 4328 esse
262 4295 317 4329 oum
335 4280 412 4329 Patre
428 4280 509 4330 Deum
530 4279 647 4341 mamam,
700 4279 768 4329 Deus
778 4283 818 4328 ιιι.
853 4275 937 4339 Iqitur
951 4281 1044 4324 amum
1060 4281 1081 4324 et
1096 4274 1178 4337 auria
1195 4291 1251 4327 cum

97 4358 142 4422 qui
163 4359 475 4411 manummerias
496 4360 649 4412 ιοιιιιιιιιίιι
699 4377 725 4410 ιο
747 4375 812 4409 unus
833 4358 900 4408 Deus
921 4356 1251 4424 assummum

97 4440 163 4503 quod
175 4447 226 4489 tam
238 4448 348 4501 ιιιιιιιιιι,
361 4457 435 4504 quam
449 4456 565 4490 nouomun
575 4441 649 4491 litio-
696 4440 798 4504 aaut
809 4438 944 4489 distinctus.
966 4437 1087 4487 Fauno.

96 4521 214 4584 nitamur,
239 4522 458 4586 donatianorum,
474 4522 648 4574 Sanmatms'a·
749 4519 760 4553 ⁴
784 4518 981 4584 Verbum...qui,
995 4519 1097 4582 intuor
1106 4536 1139 4572 sc.

1034 4608 1147 4673 10-a
