3000 4994
424 344 512 399 smn
538 345 712 400 ulmeos
738 344 944 400 sumemus.
1188 330 1256 397 395

98 504 210 587 genter
224 496 338 564 Daniel
352 497 448 562 finem
466 497 568 583 quarti
582 519 670 586 regni
661 496 801 616 digitos
815 497 861 564 eit
880 497 995 583 pedum
1009 518 1078 564 esse
1092 497 1161 584 ejus
1179 497 1256 562 ime·
1297 516 1352 556 nn
1361 516 1390 558 v

99 601 191 689 ginis,
214 622 284 686 quae
307 622 327 665 s
348 599 686 666 Nabuchodonosor
658 623 725 667 visu
746 609 805 681 est,
828 601 861 665 in
881 623 959 688 quos
980 601 1065 666 venit
1087 599 1213 686 lupis'
1187 619 1256 665 s1no
1268 563 1362 695 ⁰538
1360 609 1419 696 '‘v'‘

99 703 243 767 munibus
257 703 414 788 praecisus,
430 709 463 767 et
478 703 761 786 quemadmodum
752 725 818 790 lpse
838 703 902 769 ait:
926 703 1028 768 Pedes
1040 725 1121 790 pure
1134 701 1317 788 quidem¹
1302 703 1361 742 ¹¹·'¹
1373 704 1390 742 ¹·

100 829 121 870 a
122 806 208 892 liquo
215 807 336 890 ferreo,
353 813 381 870 et
392 826 473 890 pem
488 805 595 890 aliquo
602 806 721 888 fictitie,
737 807 930 893 quoecumque
943 805 1088 871 abscisum
1102 815 1143 871 eet
1159 804 1257 891 ¹lopis
1269 817 1423 863 Dalm&

100 909 166 972 siue
185 907 333 983 monibus,
354 915 382 970 et
396 907 549 992 percussit
568 908 732 993 imopiuem
753 908 788 971 iu
804 909 898 994 pedes
908 905 1030 993 ferreos
1046 917 1074 973 et
1086 907 1209 990 fictiles,
1228 915 1257 971 et

102 1011 295 1075 ²comme'uuit
314 1031 361 1074 eos
379 1031 472 1095 usque
490 1008 537 1073 ad
547 1011 654 1092 ficem.
693 1010 773 1074 Post
791 1009 903 1074 deindo
921 1010 953 1073 in
974 1009 1169 1075 exsolutione
1190 1009 1254 1074 uit:

100 1113 147 1177 Et
160 1113 303 1199 qumiam
317 1112 425 1177 uidisti
436 1113 531 1198 pedes
546 1122 573 1177 et
587 1113 707 1199 digitos,
716 1123 843 1199 portem
857 1113 979 1199 quidem
985 1113 1122 1196 stetim,
1132 1122 1258 1199 portem
1270 1135 1421 1183 nunninus

101 1217 360 1300 autemscrreom,
377 1237 501 1300 cepuum
519 1216 651 1281 diuisum
668 1218 736 1294 erit,
752 1227 781 1281 ct
794 1221 833 1282 θα
848 1217 954 1282 radice
962 1220 1075 1303 ferreo
1089 1218 1151 1282 erit
1164 1219 1199 1281 iu
1213 1239 1255 1295 co,

100 1318 351 1404 qummdumdum
369 1319 476 1383 uidisti
488 1320 617 1403 ferrum
634 1321 826 1385 commixtum
840 1325 937 1385 unu.
975 1320 1020 1384 m
1036 1320 1130 1407 stipiti
1141 1319 1258 1405 pedum

95 1440 177 1504 poro
191 1417 313 1504 quidem
324 1418 431 1504 aliqum
437 1420 556 1503 fetum,
569 1442 646 1506 pom
660 1430 761 1485 autem
775 1420 884 1506 aliquo
890 1420 1011 1505 fictitie.
1050 1419 1136 1507 Ergo
1151 1420 1258 1485 decem

102 1521 193 1608 digiti
213 1521 336 1606 pedum,
355 1520 388 1584 hi
407 1529 482 1585 sunt
502 1521 610 1586 decem
624 1544 722 1609 reges,
738 1522 771 1587 in
791 1523 904 1610 quihus
923 1523 1094 1588 bdividetur
1107 1542 1256 1610 regnum:

101 1623 270 1709 exquibus
287 1623 412 1708 quidam
431 1624 557 1709 quidem
576 1625 672 1690 fortes
689 1633 722 1690 et
741 1626 850 1713 agiles,
871 1625 936 1691 sivo
953 1626 1110 1700 effiouoes;
1133 1624 1185 1688 alii
1204 1645 1259 1689 su-

101 1732 166 1790 tem
181 1725 261 1812 pigri
276 1735 308 1790 et
323 1725 450 1791 inutiles
464 1733 565 1805 erunt,
585 1734 619 1792 et
632 1749 696 1792 non
712 1728 928 1804 consentient3
952 1726 1212 1813 quemadmodum
1226 1732 1260 1790 et

103 1826 215 1891 Daniel
230 1826 293 1891 uit:
316 1828 405 1892 Pars
419 1828 528 1914 otique
541 1829 651 1915 lregui
663 1831 834 1914 cmtsortie,
853 1839 881 1894 et
895 1831 935 1895 ub
955 1830 1025 1915 ipso
1032 1849 1115 1915 pore
1128 1829 1187 1893 erit
1201 1829 1257 1892 mi·
1272 1851 1421 1899 nanuum

101 1939 188 1995 mutu
222 1929 370 2009 Quouium
384 1930 493 1995 uidisti
498 1933 625 2016 semum
637 1934 827 1997 comm-ictum
841 1942 922 2011 testo,
935 1932 1156 1996 commictiouce
1170 1940 1259 1996 eruut

10 2051 80 2092 ιω-
103 2034 138 2098 iu
151 2033 262 2097 semim
274 2032 437 2112 homimem,
453 2043 481 2098 et
501 2056 561 2100 ooo
579 2045 668 2101 ecum
686 2035 827 2121 adjuncti
846 2036 985 2113 iuoicem,
1008 2034 1258 2121 quemadmodum

94 2138 223 2223 serrum
242 2159 301 2201 uou
318 2138 524 2203 commiscetur
536 2160 603 2203 cum
618 2148 699 2204 testo
739 2138 784 2203 Et
798 2138 946 2224 quonium
965 2138 1036 2203 linis
1051 2139 1115 2217 liet,
1136 2136 1255 2224 inquit:

103 2242 182 2305 Et
168 2262 203 2304 m
220 2229 323 2305 dicbus
345 2261 449 2326 regum
470 2240 595 2305 illorum
613 2240 755 2308 eccitobit
777 2242 862 2306 Deus
882 2242 950 2306 coeli
967 2263 1101 2327 repemm,
1123 2239 1238 2329 quod
1223 2261 1258 2304 m
1272 2258 1325 2300 nan.
1334 2258 1355 2298 u.
1364 2260 1394 2305 u

103 2351 250 2407 oetccuum
265 2364 324 2406 uou
338 2352 557 2429 corrompetur,
578 2351 606 2406 ct
623 2365 749 2430 ceptum
768 2343 832 2426 ejus
850 2344 944 2409 alteri
956 2343 1071 2459 popolo
1088 2364 1147 2406 nou
1165 2308 1301 2406 reliu-

104 2453 221 2532 quetur.
260 2444 444 2508 Commiuuet
458 2454 487 2510 et
500 2445 657 2511 ocntimlit
675 2445 778 2510 olenio
793 2467 896 2562 reguo,
917 2455 945 2510 et
958 2445 1060 2532 ipsum
1074 2442 1220 2510 ecaltabit
1207 2453 1260 2507 tur

103 2549 138 2612 iu
152 2556 309 2612 oeternum.
345 2545 599 2625 Quemadmodum
613 2548 730 2627 cide'ete',
743 2549 887 2634 quouiom
901 2547 940 2612 de
953 2546 1204 2634 mmteproechus
1217 2553 1261 2612 cet

105 2649 186 2736 teptis
198 2651 264 2716 niue
278 2650 426 2730 moltibus,
443 2659 471 2716 ct
484 2652 659 2717 comminuit
672 2655 804 2730 ⁶testum,
811 2654 949 2737 ferrum,
967 2660 996 2715 et
1010 2658 1215 2728 crumentum,
1231 2658 1260 2714 et

105 2761 274 2837 arpentum,
297 2761 326 2816 et
346 2773 477 2826 auruum
505 2753 588 2817 Deus
609 2774 737 2839 neopum
756 2753 941 2840 significauit
961 2753 1036 2838 cepi,
1059 2774 1127 2838 quoe
1138 2752 1259 2835 futuru

105 2862 176 2918 eunt
182 2863 253 2940 post
265 2853 348 2918 tue:
373 2863 400 2920 et
415 2877 521 2920 oerum
535 2865 578 2920 eet
590 2858 747 2935 somnium,
762 2866 791 2920 et
796 2855 900 2938 fideles
914 2855 1127 2940 interpretatio
1143 2853 1216 2938 mles.

171 2960 201 3023 2.
240 2957 274 3024 Si
289 2980 363 3045 ergo
383 2959 471 3024 Deus
487 2981 620 3046 magnus
637 2958 824 3046 significavit
841 2981 896 3044 per
915 2957 1078 3023 Danielem
1093 2957 1208 3035 sutura,
1226 2963 1260 3021 et

105 3082 160 3147 per
182 3061 298 3126 Filium
321 3063 532 3138 confirmavit3
563 3070 597 3129 et
619 3062 763 3128 christus
785 3069 834 3127 est
855 3061 944 3147 lepis,
967 3061 1020 3147 qui
1042 3061 1191 3147 praecisus
1210 3067 1260 3126 est

105 3163 172 3229 sine
186 3165 338 3243 munibus,
355 3164 407 3250 qui
423 3165 561 3231 destruet
575 3165 758 3251 temporalis
772 3186 876 3252 regna,
893 3173 925 3229 et
939 3173 1090 3230 aeternum
1105 3164 1259 3242 ⁷induoet‚

105 3287 175 3351 quoe
190 3274 239 3330 est
250 3268 407 3353 justorum
420 3267 622 3343 resurrecti03
645 3264 857 3346 &suscitabit
873 3267 929 3345 sit,
947 3268 1030 3332 Deus
1043 3266 1111 3331 oceli
1125 3289 1259 3354 reguum,

106 3368 188 3453 quod
205 3368 240 3431 iu
259 3377 406 3432 oetecuum
425 3391 582 3456 uunquam
598 3379 819 3457 corrumpetur,
837 3370 990 3436 confutati
1009 3370 1192 3457 resipiscant
1207 3368 1260 3458 qui

107 3468 312 3555 Demiurgum
331 3478 491 3555 respuunt,
510 3479 543 3536 et
557 3493 621 3537 non
639 3472 837 3538 consentiunt
851 3474 892 3539 sb
909 3495 946 3538 eo
968 3473 1064 3538 Putre
1084 3473 1261 3559 praemissos

106 3570 284 3655 prophotas,
303 3593 324 3636 u
339 3593 399 3657 quo
420 3580 453 3638 et
472 3573 627 3639 Dominus
640 3575 744 3652 venit;
768 3575 823 3640 sed
840 3583 1017 3641 asseverant
1037 3596 1078 3639 ex
1095 3574 1260 3639 differenti·

107 3673 166 3736 bus
180 3672 345 3738 virtutibus
360 3673 459 3740 laotos
473 3696 541 3740 esso
555 3675 744 3761 prophetias.
774 3679 853 3760 Qus
867 3678 950 3744 enim
964 3676 1167 3762 nDemiurgo
1181 3697 1260 3762 prae·

107 3775 194 3840 diota
215 3784 289 3840 sunt
309 3775 453 3842 similiter
473 3797 529 3864 per
550 3799 658 3843 omnes
679 3780 857 3866 prophetas,
882 3780 951 3845 haeo
978 3777 1121 3845 Christus
1144 3778 1176 3842 in
1197 3777 1261 3844 fine

157 3964 167 3996 ¹
184 3964 253 4015 Hinc
268 3973 339 4028 pout,
360 3965 424 4015 duos
445 3981 516 4026 voces,
540 3967 566 4027 ἐξ
582 3965 655 4029 ὅρους,
710 3968 739 4017 of
751 3969 827 4019 Snus.
842 3968 938 4018 Snus.
966 3967 1015 4016 Seu
1025 3966 1126 4029 serrum
1138 3973 1208 4029 aeque
1219 3972 1260 4017 teo

107 4044 206 4096 hocloco
215 4047 332 4098 intxx.
343 4047 659 4098 nomete'orimouuiusettue
710 4055 761 4097 tum
771 4047 835 4096 iuter
845 4063 869 4096 sc
882 4046 1010 4110 confusum
1024 4045 1086 4095 coire
1096 4061 1145 4095 uon
1155 4054 1257 4110 poterut.

107 4143 153 4177 enee
164 4144 191 4177 a
201 4130 305 4191 apsumi
315 4144 374 4178 vers.
387 4140 427 4190 45.
461 4129 564 4178 Gneus,
710 4128 746 4178 Η.
759 4141 789 4178 11.
803 4143 826 4189 u,
839 4128 868 4177 de
879 4129 938 4178 Stat.
951 4128 1058 4178 Neluclt.

156 4206 234 4259 ’Am
247 4209 396 4259 comminuet.
758 4209 837 4260 'Alo
857 4209 988 4271 dividitur,
1006 4209 1056 4258 und
1073 4209 1147 4259 omits
1164 4208 1258 4273 sltem.

156 4288 167 4321 ⁸
182 4290 234 4339 AB.
247 4291 320 4340 omits
332 4307 357 4340 a.
399 4290 486 4339 Lxx.
500 4291 549 4340 ert
560 4290 607 4354 πῤ.
710 4292 791 4341 Voss.
804 4293 877 4341 omits
890 4291 967 4354 ceput.

156 4369 167 4400 ⁴
183 4370 215 4418 sl.
228 4376 294 4420 meo.
324 4373 375 4420 As.
389 4371 439 4419 end
451 4371 540 4421 Meno.
554 4384 584 4421 11.
603 4378 658 4421 ueto
758 4368 769 4400 ⁶
785 4370 836 4417 An.
849 4369 901 4418 still
910 4375 1002 4418 tectum

107 4451 164 4500 hero
176 4451 225 4499 and
236 4451 307 4500 twice
318 4452 403 4511 below,
422 4453 502 4501 whioh
513 4453 534 4500 is
545 4451 657 4516 rsplsosd
759 4451 769 4484 ⁷
785 4451 836 4500 Au.
850 4450 954 4501 inducit,

108 4532 133 4579 in
145 4532 188 4579 tho
201 4536 256 4580 text
271 4548 303 4581 on
321 4533 364 4580 the
379 4532 504 4580 collutos-nl
522 4533 657 4596 testimony
