3000 4994
525 363 725 418 msuuorvn
749 364 996 428 mroumsum.
1296 350 1339 420 2⁷

180 513 289 580 eoeculi
315 515 409 603 hujus
435 515 577 603 legimus,
601 519 658 584 eed
677 519 793 598 Deum,
820 525 932 608 ¹quem
955 542 1028 587 vere
1053 522 1158 586 Deum
1187 521 1337 589 dicimus:
1352 535 1498 623 lgfflup

180 616 356 683 incredulos
373 627 479 685 sutem
501 627 535 686 et
555 631 731 689 excoecetos
753 624 859 690 saeculi
881 625 975 713 hujus
995 624 1168 705 audiemus,
1192 625 1339 712 quonism
1364 629 1491 716 “eff-,PL

180 728 346 787 venturum
360 722 433 788 vitae
446 745 510 789 non
524 724 753 793 haereditabunt
767 727 929 795 soeculum.

643 943 745 1011 GAP.
773 945 872 1013 VIII.

536 1081 638 1174 Quid
660 1099 710 1159 est
735 1084 984 1164 Mammosas.

248 1248 279 1310 l.
314 1245 450 1310 Socors
463 1244 557 1333 igitur
571 1255 603 1312 et
614 1247 673 1313 hec
687 1248 809 1314 illomm
823 1250 987 1328 calumnis,
1003 1249 1166 1315 manifeste
1178 1257 1339 1316 ostensum

180 1356 241 1427 est,
271 1349 417 1434 quonism
449 1371 607 1437 nunquam
639 1374 740 1439 neque
764 1354 925 1439 prophetoe
946 1374 1047 1440 neque
1071 1353 1217 1439 Apostoli
1242 1354 1338 1418 elium

181 1448 286 1515 Deum
300 1453 544 1531 nominaverunt,
559 1454 607 1519 vel
624 1455 794 1529 Dominum
808 1456 1049 1542 appellaverunt,
1064 1464 1178 1541 praeter
1187 1476 1295 1520 verum
1305 1463 1338 1521 et

180 1553 282 1618 solum
298 1556 411 1621 Deum.
448 1556 573 1623 2ΜιιΙιο
583 1558 683 1645 magis
693 1557 759 1644 ipse
774 1558 939 1635 Dominus,
955 1559 1008 1646 qui
1023 1568 1055 1624 et
1073 1559 1191 1622 Ooesori
1202 1558 1336 1644 quidem,
1352 1575 1493 1617 nuceum

180 1679 250 1742 qum
266 1659 398 1724 Caesom's
411 1670 482 1724 suot
494 1660 586 1725 reddi
597 1663 697 1748 jubet,
713 1671 741 1726 et
755 1685 824 1748 qum
837 1663 900 1728 Dei
913 1672 983 1728 suot
996 1662 1083 1727 Deo:
1100 1661 1256 1727 Oaesarem
1270 1662 1337 1748 qui·

180 1758 253 1823 dem
271 1759 427 1826 Oaesarcm
444 1763 617 1841 nominans,
642 1764 745 1829 Deum
765 1786 836 1830 vero
859 1765 962 1830 Deum
982 1766 1144 1830 confitens.
1189 1763 1338 1829 Similiter

180 1872 214 1929 et
228 1863 303 1928 illud
328 1866 410 1952 quod
426 1866 481 1944 eit,
504 1867 579 1932 Non
590 1869 716 1954 potestis
734 1868 850 1934 duobos
868 1870 1000 1934 deocisis
1016 1871 1140 1947 serni-ro,
1158 1868 1225 1954 ipse
1242 1869 1337 1934 inter·
1350 1887 1486 1930 timuis

180 1976 331 2053 pretatur,
348 1968 471 2035 dicens:
495 1971 569 2034 Nove
582 1973 707 2056 potest-is
728 1973 795 2038 Deo
812 1974 936 2050 seruire,
955 1983 983 2038 et
999 1974 1207 2043 Mommoooe‚·
1233 1972 1336 2036 Deum

80 2084 163 2128 m·
180 2072 306 2159 quidem
321 2074 473 2139 confitens
492 2074 607 2153 Deum,
630 2075 846 2141 Mammosam
866 2084 971 2141 eutem
985 2076 1160 2153 nominans,
1181 2076 1240 2140 hoo
1255 2074 1339 2162 qnod

180 2186 214 2240 et
233 2184 293 2241 est.
340 2176 413 2242 Non
437 2178 652 2243 Mammonam
675 2178 834 2245 dominum
856 2188 956 2258 vocet,
977 2178 1101 2244 dicens:
1125 2180 1200 2243 Noo
1212 2177 1340 2264 potestis

180 2279 296 2344 duodus
310 2279 441 2345 domimo
461 2282 596 2352 servire‚·
620 2281 676 2345 sed
692 2281 859 2368 discipulos
881 2283 972 2347 docet
991 2281 1161 2347 servientes
1179 2281 1259 2359 Deo,
1275 2301 1338 2344 non

178 2382 292 2468 subjici
309 2383 511 2462 Mammonae,
527 2405 627 2470 neque
641 2384 792 2449 dominari
806 2386 847 2450 ab
861 2406 909 2450 ec.
949 2386 1009 2465 Qui
1023 2386 1116 2462 enim,
1131 2385 1243 2472 inquit,
1250 2385 1338 2470 facit
1349 2405 1487 2447 sonantes

172 2496 460 2572 praesumerem
474 2497 516 2553 est
523 2488 654 2573 peccati.
692 2488 959 2570 Quemadmodum
974 2488 1069 2575 igitur
1083 2488 1252 2553 servientes
1266 2509 1338 2573 pec·

179 2599 252 2655 cato
277 2613 383 2657 servos
415 2591 534 2678 peccati
564 2599 664 2669 vocat,
691 2613 755 2656 non
779 2600 886 2657 tamen
910 2592 1013 2676 ipsum
1040 2598 1203 2676 peccatum
1233 2589 1337 2654 Deum

179 2693 326 2779 appellet,
356 2694 401 2759 sic
424 2702 456 2759 et
479 2694 607 2781 eosqui
631 2694 824 2759 Mammonae
844 2693 993 2772 serviunt,
1015 2715 1121 2758 servos
1144 2692 1337 2757 Mammonae

178 2795 325 2883 appellet,
343 2818 405 2861 non
425 2798 530 2863 Deum
545 2797 703 2883 appellens
726 2798 951 2863 Mammonem.
995 2797 1213 2862 ⁸Mammouee
1230 2804 1337 2861 sutem

227 2951 238 2984 ¹
255 2952 310 3002 The
320 2953 427 3003 Arm.
441 2953 492 3002 snd
509 2954 598 3004 Mune.
611 2967 640 3004 11.
653 2954 730 3006 MSS.
781 2955 896 3019 personel
906 2954 1028 3003 infliction
1039 2955 1095 3002 thet
1106 2968 1157 3001 wss
1168 2953 1211 3001 the
1221 2951 1299 3000 result
1310 2951 1340 3000 of

177 3034 238 3084 resd
256 3034 368 3099 quidem,-
384 3035 434 3084 and
457 3035 558 3085 Chunus.
582 3036 632 3085 sud
649 3036 730 3085 Voss
782 3037 922 3086 conviction
933 3037 959 3085 in
971 3036 1083 3086 criminnl
1100 3051 1176 3093 ossen,
1190 3034 1240 3083 end
1255 3035 1336 3083 which

178 3115 276 3179 quidm
287 3115 352 3178 jore.
383 3116 441 3179 The·
452 3115 535 3165 Greek
551 3116 657 3180 original
674 3132 733 3182 mxy
783 3134 834 3167 wne
852 3117 930 3167 cslled
944 3104 1036 3192 witin?
1053 3117 1111 3178 Ἦ
1142 3116 1195 3165 The
1215 3116 1283 3165 word
1304 3116 1335 3165 it·

178 3197 243 3245 hove
265 3196 327 3245 been
350 3197 417 3244 ἀλλὰ
433 3197 494 3245 Θεὸν
510 3198 561 3258 μὲν,
579 3195 623 3246 τὸν
639 3200 734 3258 ἀληθῶς
784 3199 836 3259 sels,
861 3201 887 3248 in
909 3199 942 3248 ull
963 3198 1121 3262 probability,
1141 3215 1191 3247 was
1213 3197 1336 3262 imported

178 3279 247 3327 θεὸν.
783 3282 847 3330 from
859 3280 985 3345 Bsbylon5
1003 3280 1068 3340 ileo,
1078 3280 1099 3328 it
1109 3280 1335 3343 issoxrcelyneoes·

228 3357 241 3390 ¹
257 3359 333 3407 multo
349 3359 436 3422 crepis,
449 3360 535 3420 πολλῷ
544 3360 645 3419 μᾶλλον,
659 3359 733 3408 refer·

180 3442 239 3506 ring
255 3447 283 3490 to
299 3443 343 3490 the
359 3441 492 3506 preceding
504 3447 627 3502 sentence,
642 3458 683 3490 are
699 3442 734 3489 ai·

178 3523 262 3572 tested
280 3523 332 3572 slso
350 3523 384 3588 by
395 3524 437 3572 the
448 3524 580 3588 negotium
598 3524 642 3573 the
654 3523 734 3573 words

179 3609 257 3654 ἄλλον
266 3623 321 3655 τινα
337 3607 379 3654 οὐκ
393 3607 508 3655 ἐκάλεσεν
522 3607 589 3666 θεὸν,
602 3607 732 3667 therefore,

179 3687 263 3737 would
274 3688 305 3736 be
315 3687 429 3752 supplied
439 3689 474 3752 by
485 3688 527 3738 the
538 3688 631 3738 render.

228 3769 240 3803 ⁸
256 3771 419 3820 Mammosas.
464 3771 590 3821 Inrssus
611 3788 690 3822 seems
706 3777 734 3822 ιο

177 3854 256 3919 speek
267 3854 296 3903 οι
308 3855 359 3904 this
370 3853 439 3903 word
448 3871 476 3903 u
487 3871 520 3903 sn
531 3855 649 3904 Ammaic
660 3860 731 3915 term,

178 3935 225 3984 but
236 3940 282 3984 not
293 3936 319 3984 in
334 3935 408 3984 strict
421 3935 548 4000 propriety
560 3935 676 3985 Hebrew.
706 3935 734 3985 It

177 4033 265 4066 occurs
281 4018 397 4066 nowhere
418 4018 444 4066 in
463 4017 507 4066 the
525 4015 634 4066 Hebrew
651 4016 729 4077 Bible,

176 4100 276 4164 though
292 4100 336 4148 the
354 4098 461 4148 Chaldee
479 4099 641 4163 persphrsees
655 4098 732 4164 adopt

176 4183 198 4231 it
219 4183 246 4231 iu
268 4182 429 4246 explxnstion
458 4180 487 4230 of
511 4181 573 4230 such
601 4181 683 4230 words
704 4197 732 4230 ee

175 4265 236 4326 932
247 4263 317 4326 poio,
334 4263 354 4313 J
356 4264 398 4312 ud.
415 4279 439 4313 v.
457 4277 494 4328 19,
509 4251 565 4335 Ἰῷθ
583 4262 732 4325 redereptioo

173 4327 250 4408 pree,
270 4344 353 4394 nme.
366 4345 417 4394 ur.
433 4358 471 4406 30,
491 4330 531 4410 pn
542 4344 671 4405 semea,
686 4345 728 4397 re.

176 4426 237 4476 xliv.
260 4440 298 4489 13,
314 4397 364 4489 5*ss
385 4441 474 4486 meum,
495 4426 536 4476 Ps.
555 4427 616 4477 xlix.
629 4443 666 4488 ιι,
685 4429 728 4478 doc.

176 4506 265 4559 Hense
291 4507 345 4558 also
371 4523 388 4558 s
410 4509 547 4573 pecuniery
573 4510 654 4559 mulct
679 4525 731 4559 wns

177 4575 280 4660 omino
292 4587 358 4652 οη,
370 4587 398 4637 in
409 4589 641 4639 mnencmmmon
652 4591 731 4640 eosne

783 3378 841 3427 sery
848 3362 939 3411 toseek
946 3362 984 3409 lor
995 3361 1027 3409 its
1040 3363 1125 3419 tropos
1132 3361 1158 3409 in
1165 3361 1209 3409 the
1217 3361 1334 3411 Hebrew.

783 3445 835 3492 The
852 3444 935 3492 Greek
951 3444 1015 3491 form
1032 3444 1188 3502 μομμῶναίο
1208 3443 1336 3507 evidently

782 3530 920 3595 trasmae
934 3517 1031 3599 upinp.
1062 3527 1335 3593 snmcsnvspeu

783 3613 878 3663 ositos
889 3629 905 3660 ο
919 3609 1065 3659 Phoenicium
1079 3610 1155 3660 word.
1190 3609 1335 3658 Mommono

782 3693 852 3756 opud
859 3689 1200 3753 Hehroeosdicitisroppcllori
1207 3689 1332 3740 decumus.

784 3772 1145 3837 oenpmicetl’onimmnmem
1150 3791 1161 3828 ,·
1172 3771 1334 3820 comicorum

781 3856 1006 3905 Punicelsommon
1017 3853 1115 3903 detur.
1141 3850 1332 3900 chemDom.

781 3937 810 3985 in
829 3938 866 3986 M.
885 3950 915 3987 11.
950 3936 982 3985 In
1001 3935 1086 3983 Peelrn
1100 3933 1194 3982 xxxvii.
1213 3946 1235 3993 3,
1251 3932 1334 3981 unless

782 4020 824 4068 the
835 4018 906 4068 carte
916 4018 983 4066 lectio
995 4016 1087 4066 mim
1101 4016 1131 4063 be
1145 4013 1276 4071 indicated,
1290 4014 1333 4063 the

781 4109 844 4152 term
868 4102 957 4178 nimi}
977 4103 997 4149 is
1015 4098 1132 4149 rendered
1143 4099 1177 4163 by
1188 4099 1231 4147 the
1242 4098 1331 4147 LXX.

781 4187 892 4242 πλοῦτοι,
917 4181 999 4231 which
1020 4181 1090 4244 givos
1116 4185 1284 4229 countennuee
1306 4184 1333 4229 ιο

780 4267 823 4317 the
839 4264 926 4314 notion
943 4263 972 4310 ol
985 4262 1100 4320 Drusius,
1118 4261 1174 4310 thet
1190 4261 1275 4325 inuis
1290 4261 1333 4310 the

780 4353 836 4396 root
847 4347 876 4395 of
884 4345 927 4394 the
938 4342 1006 4391 word
1013 4360 1020 4403 ;
1037 4343 1054 4391 i.
1065 4359 1086 4392 e.
1099 4344 1156 4392 that
1169 4344 1249 4392 which
1263 4344 1333 4406 gives

779 4445 910 4480 sssursnce
925 4433 952 4476 to
969 4444 985 4476 ο
999 4444 1072 4488 men;
1088 4428 1153 4477 from
1166 4428 1246 4476 which
1257 4427 1333 4476 ther<

779 4514 861 4577 might
871 4513 903 4561 be
913 4509 1055 4560 considered
1072 4515 1099 4559 ιο
1112 4510 1249 4573 dissppesr,
1270 4525 1297 4558 as
1312 4509 1333 4557 it

779 4595 890 4645 iselided
901 4595 927 4644 in
939 4594 1031 4670 ⁸391),
1047 4593 1112 4642 from
1125 4593 1202 4662 m,
