3000 4994
224 318 288 382 126
458 333 571 386 ADAM
589 334 631 388 IN
657 335 783 389 GENUS
801 334 1131 401 MALEDICTIONEM,

81 506 135 547 rra
141 507 186 592 ,¹¹,¹
222 487 377 552 veteribus
391 487 498 574 spoliis
512 489 710 554 manentibus
724 489 807 575 apud
821 512 900 554 eum.
942 490 1211 572 Quemadmodum
1226 512 1252 554 sr
1245 489 1339 555 'thos
1326 499 1375 555 tes

81 554 182 652 'llll
223 593 469 678 expugnaverint
491 593 652 678 quosdam,
676 601 731 659 et
733 594 868 660 ¹vinctos
894 594 1040 660 duxerint
1062 595 1211 680 captivos,
1229 601 1262 658 et
1276 594 1374 658 multo

69 692 147 732 ¹¹¹⁸*
158 692 199 731 ¹¹¹
174 695 386 779 tempore
378 718 409 758 m
426 696 574 762 servitute
594 697 789 813 possederint
811 719 875 776 eos,
900 698 944 762 ita
966 705 1002 762 ut
1024 706 1173 784 generent
1190 699 1274 784 apud
1297 719 1371 772 eos;

58 803 256 861 m*‘-et
269 796 381 883 aliquis
396 797 504 862 dolens
518 820 574 885 pro
589 798 639 862 his
653 797 705 883 qui
721 821 801 863 servi
792 799 891 864 facti
903 808 987 876 sunt,
1001 800 1126 865 eosdem
1137 800 1245 865 hostes
1256 822 1374 886 expug-

223 908 294 964 net:
314 921 377 963 non
403 908 509 965 tamen
524 902 609 987 juste
629 901 733 979 faciet,
757 901 783 966 si
807 901 887 966 lilios
910 903 1036 989 quidem
1055 924 1162 968 eorum
1184 903 1237 988 qui
1260 903 1373 989 captivi

226 1002 310 1067 ducti
333 1011 417 1082 sunt,
439 1003 550 1068 liberet
565 1005 605 1068 de
624 1010 780 1089 potestate
794 1026 901 1070 eorum
917 1006 970 1093 qui
991 1006 1023 1070 in
1043 1006 1223 1071 servitutem
1238 1006 1372 1071 deduxe·
1386 1036 1410 1074 o.
1420 1034 1463 1074 nm.

223 1115 294 1171 rant
312 1114 416 1191 patres
440 1128 556 1185 eorum,
575 1106 659 1193 ipsos
673 1128 746 1171 vero
765 1108 818 1195 qui
838 1109 1052 1195 captivitatem
1066 1108 1279 1173 sustinuerunt
1300 1110 1373 1173 sub-

218 1210 322 1297 jectos
336 1209 489 1296 relinquat
501 1209 646 1288 inimicis,
656 1219 783 1297 propter
796 1232 875 1298 quos
888 1218 921 1275 et
935 1210 1104 1275 ¹ultionem
1118 1210 1208 1285 fecit3
1225 1233 1373 1276 consecu-
1387 1229 1416 1268 M·
1426 1229 1467 1268 221·

225 1314 268 1379 tis
278 1313 451 1379 libertatem
462 1313 534 1378 filiis
545 1335 585 1378 ex
600 1335 694 1379 causa
704 1321 841 1400 paternae
853 1314 1080 1392 vindicationis,
1091 1315 1147 1378 sed
1161 1319 1242 1379 ³non
1255 1315 1374 1380 relictis

229 1417 306 1504 ipsis
320 1417 469 1504 patribus,
485 1417 538 1504 qui
552 1417 652 1504 ipsam
667 1418 881 1504 captivitatem
895 1418 1120 1483 sustinuerunt.
1165 1418 1275 1505 Neque
1290 1418 1373 1483 enim

221 1520 363 1586 infirmus
380 1529 429 1586 est
448 1521 536 1586 Deus
553 1542 654 1608 neque
669 1520 813 1607 injustus,
828 1521 881 1609 qui
901 1520 1071 1608 opitulatus
1091 1529 1141 1586 est
1159 1521 1277 1585 homini
1292 1522 1372 1586 etin

220 1644 310 1688 suam
325 1622 497 1688 libertatem
512 1622 696 1688 restauravit
710 1645 792 1689 eum.

286 1730 315 1791 2.
354 1727 489 1813 Propter
505 1724 564 1791 hoc
579 1725 657 1790 etin
672 1725 761 1791 initio
775 1727 1029 1814 transgressionis
1045 1727 1138 1806 Adae,
1153 1726 1234 1793 sicut
1248 1735 1372 1792 enarrat

103 1833 131 1870 ·¹
180 1860 186 1872 ·
221 1828 393 1914 Scriptura,
407 1850 471 1893 non
480 1828 583 1914 ipsum
596 1827 756 1893 maledixit
768 1828 949 1908 Adam,sed
964 1838 1078 1895 terram
1093 1831 1125 1895 in
1140 1829 1283 1916 operibus
1294 1831 1371 1914 ejus,

219 1932 480 2019 quemadmodum
494 1953 536 1996 ex
549 1932 705 1997 veteribus
716 1931 842 2019 quidam
856 1932 916 1998 ait:
934 1942 954 1971 “
965 1933 1123 2006 Quoniam
1134 1933 1259 2020 quidem
1271 1942 1372 1999 trans·

219 2035 293 2101 tulit
308 2035 396 2100 Deus
410 2033 610 2099 maledictum
627 2035 661 2098 in
674 2043 800 2112 terram,
818 2041 854 2099 ut
869 2056 931 2099 non
945 2043 1154 2121 perseveraret
1168 2035 1200 2099 in
1215 2035 1373 2100 homine.''

220 2138 517 2204 condemnationem
540 2146 645 2203 autem
671 2138 925 2225 transgressionis
952 2139 1073 2226 accepit
1101 2139 1195 2204 homo
1223 2139 1316 2204 taedia
1339 2147 1372 2204 et

220 2249 376 2308 terrenum
393 2240 540 2320 laborem,
556 2249 589 2306 et
607 2241 793 2308 manducare
813 2263 925 2328 panem
946 2242 978 2306 in
1000 2243 1112 2308 sudore
1133 2242 1238 2307 vultus
1258 2242 1317 2320 sui,
1339 2251 1373 2308 et

58 2362 110 2402 ora
119 2364 141 2402 ¹1¹
159 2364 186 2403 a
220 2347 357 2413 converti
372 2346 405 2412 in
420 2355 545 2423 terram,
560 2368 601 2412 ex
616 2367 678 2433 qua
691 2353 849 2411 assumtus
863 2355 931 2422 est;
948 2346 1090 2411 similiter
1099 2355 1204 2411 autem
1220 2354 1252 2411 et
1263 2345 1372 2409 mulier

220 2450 324 2529 taedia,
340 2459 372 2516 et
391 2449 522 2528 labores,
538 2458 571 2514 et
584 2449 729 2536 gemitus,
745 2457 777 2513 et
794 2450 939 2515 tristitias
953 2458 1071 2536 partus,
1086 2458 1119 2515 et
1132 2450 1302 2528 servitium,
1318 2450 1371 2514 ⁴id

220 2561 278 2632 est,
303 2561 339 2619 ut
361 2553 489 2620 serviret
515 2553 580 2617 viro
601 2574 678 2617 suo:
709 2559 746 2616 ut
766 2574 866 2639 neque
886 2551 1043 2617 maledicti
1069 2575 1089 2617 a
1115 2552 1184 2617 Deo
1207 2553 1240 2616 in
1269 2560 1371 2618 totum

219 2659 366 2746 perirent,
381 2678 481 2745 neque
495 2657 562 2723 sine
579 2656 788 2742 increpatione
807 2664 1040 2742 perseverantes
1062 2656 1168 2721 Deum
1193 2663 1371 2722 contemne-

219 2769 300 2826 rent.
348 2761 458 2826 Omnis
472 2768 577 2825 autem
591 2757 766 2823 maledictio
781 2757 915 2823 decurrit
930 2757 963 2821 in
983 2766 1167 2844 serpentem,
1184 2758 1237 2844 qui
1259 2758 1370 2821 sedux-

219 2873 286 2931 erat
308 2887 371 2930 eos.
415 2864 461 2929 Er
479 2864 568 2940 dicit,
591 2861 702 2949 inquit,
725 2861 811 2926 Dens
837 2863 985 2946 norpadi:
1018 2861 1165 2940 Quoar'rrm
1180 2862 1290 2945 fmistr'
1307 2861 1369 2938 loc,

218 2969 398 3034 maledictas
418 2976 452 3031 ta
475 2965 513 3029 ad
536 2964 668 3029 onraidcs
686 2963 854 3050 pecoribus,
878 2973 907 3029 et
931 2962 969 3028 ad
991 2962 1126 3027 omnibns
1148 2962 1247 3027 hostiis
1268 2971 1369 3027 terroe.

221 3072 396 3138 Hocidem
418 3075 575 3134 autemst
602 3067 756 3132 Dominus
781 3066 814 3130 in
840 3065 1021 3154 Evangelio,
1043 3065 1093 3130 his
1115 3065 1167 3152 qui
1193 3087 1213 3130 a
1236 3065 1371 3131 sinistris

111 3217 117 3228 ,
156 3201 174 3229 v·
220 3174 425 3252 inveniuntur,
440 3172 502 3236 ait:
525 3170 786 3236 Adilemulrdr'eti
802 3170 950 3256 inignem
964 3179 1119 3247 ammata,
1133 3175 1371 3256 ⁶qrrcrrrproepa

80 3262 86 3275 ’
221 3279 306 3344 rodit
319 3279 420 3342 Pater
441 3298 524 3342 mens
537 3273 655 3340 diabolo
671 3283 700 3339 ct
716 3274 832 3360 nagalta
846 3273 931 3359 eluar
954 3273 1135 3360 significans
1148 3272 1294 3359 quoniam
1308 3294 1371 3335 non

219 3383 336 3450 homini
349 3381 558 3468 principaliter
567 3388 758 3467 praeparatus
767 3387 815 3444 est
826 3387 962 3444 aeternus
974 3378 1066 3466 ignis,
1076 3379 1131 3443 sed
1140 3378 1168 3443 ei
1184 3378 1236 3464 qui
1248 3377 1371 3442 seduxit

219 3495 251 3553 et
263 3487 417 3553 offendere
429 3486 503 3551 fecit
515 3484 684 3562 hominem,
696 3487 752 3562 let,
765 3483 902 3569 inquam,
914 3482 967 3568 qui
982 3482 1125 3568 princeps
1136 3480 1300 3567 apostasiae
1312 3488 1369 3557 est,

218 3590 367 3677 lprincipi
381 3588 597 3666 abscessionis,
618 3596 651 3652 et
665 3587 714 3651 his
728 3586 847 3674 angelis
867 3586 919 3673 qui
941 3592 1093 3671 apostatae
1116 3584 1190 3650 facti
1212 3591 1285 3649 sunt
1299 3605 1371 3648 curn

218 3716 272 3761 eo:
297 3716 389 3779 quern
410 3693 534 3778 quidem
550 3692 634 3777 juste
651 3689 821 3778 percipient
840 3689 936 3755 etiam
963 3689 995 3752 hi
1015 3690 1067 3775 qui
1088 3687 1245 3753 ⁸sinriliter
1266 3694 1302 3751 ut
1328 3685 1371 3750 illi

217 3799 285 3866 sine
299 3796 484 3886 poenitentia
498 3803 530 3860 et
545 3795 612 3860 sine
627 3815 769 3881 regressu
784 3793 816 3856 in
831 3792 958 3857 malitiae
972 3802 1170 3879 perseverant
1185 3791 1338 3879 operibus.

267 3945 277 3978 ¹
294 3946 391 4006 cinnor,
407 3946 463 4005 Cra,
479 3943 560 3993 Voss.
569 3961 576 4002 ;
592 3944 643 3990 AB.
656 3941 734 3989 aron.
871 3938 882 3969 ⁴
900 3940 924 3987 A
935 3937 1212 4002 mitigated'aervitude.

267 4026 279 4058 ¹
295 4027 418 4086 ardinnam,
439 4028 490 4075 AB.
504 4026 568 4074 from
580 4024 623 4073 the
635 4023 725 4082 Greelr,
740 4016 769 4071 δι’
870 4021 950 4070 ⁸¹l⁷he
966 4022 1070 4085 reading
1086 4020 1114 4069 of
1127 4022 1170 4070 the
1188 4021 1279 4070 Com
1294 4021 1372 4069 Bazis

219 4109 259 4159 οὓς
281 4112 320 4159 καὶ
343 4111 387 4169 τὴν
409 4110 498 4168 dadano
516 4108 633 4166 ἐποίησεν,
651 4105 697 4153 but
714 4104 767 4164 Oa,
821 4119 906 4168 agrees
917 4104 979 4152 with
990 4103 1124 4151 Insanus.
1155 4102 1372 4162 See1.268,note

219 4192 309 4252 Voss,
322 4193 388 4241 Fau.
401 4208 478 4253 marg.
491 4190 622 4238 trrr'tr'oaera.
823 4199 846 4245 a,
858 4186 939 4234 where
950 4185 993 4234 the
1004 4184 1077 4233 vario
1089 4184 1155 4233 lectio
1166 4183 1186 4232 is
1199 4182 1284 4232 traced
1294 4183 1320 4230 in
1329 4182 1371 4230 the

269 4272 280 4304 ³
297 4290 352 4333 aon,
365 4271 620 4330 foundintheMSS.,
631 4267 771 4332 iaobjectcd
823 4266 916 4331 Syriae.
943 4267 983 4317 cf.
995 4283 1020 4330 p.
1035 4281 1089 4329 325,
1104 4266 1135 4314 G.

219 4363 247 4406 to
264 4357 297 4420 by
316 4357 417 4416 Ganos,
437 4356 484 4403 but
500 4352 611 4414 justified
630 4354 664 4416 by
682 4351 769 4401 Mass,
871 4348 925 4408 let,
939 4349 956 4398 s.
969 4349 986 4397 1.
1000 4348 1030 4398 ei.

220 4454 287 4502 upon
306 4453 338 4484 no
348 4453 409 4500 very
420 4437 515 4484 critical
529 4434 642 4498 ground;
660 4436 701 4483 οὐκ
712 4434 770 4480 dver-
871 4430 1177 4488 ⁷AsMnss.observes,an
1186 4428 1369 4492 interpolation.

221 4519 346 4576 λημμένων
364 4533 413 4564 was
424 4517 529 4579 perhaps
548 4515 605 4564 read
623 4531 650 4563 as
662 4517 703 4563 οὐκ
718 4516 771 4562 dru-
872 4511 883 4543 ⁸
899 4511 1018 4561 Similiter
1043 4517 1069 4557 at
1096 4510 1144 4570 illi,
1168 4509 1306 4573 indicating
1328 4512 1371 4559 tlro

221 4600 387 4659 λελειμμένων,
400 4599 434 4660 by
445 4599 488 4646 tlre
499 4597 639 4644 translator.
822 4594 904 4658 faulty
919 4592 1029 4654 reading,
1050 4591 1134 4650 ὁμοίως
1151 4591 1181 4640 ὡς
1198 4594 1270 4652 aurp.
