<?xml version="1.0" encoding="UTF-8"?>
<!DOCTYPE html PUBLIC "-//W3C//DTD XHTML 1.0 Transitional//EN"
    "http://www.w3.org/TR/xhtml1/DTD/xhtml1-transitional.dtd">
<html xmlns="http://www.w3.org/1999/xhtml" xml:lang="en" lang="en">
 <head>
  <title>
</title>
<meta http-equiv="Content-Type" content="text/html;charset=utf-8" />
  <meta name='ocr-system' content='tesseract 3.04.00' />
  <meta name='ocr-capabilities' content='ocr_page ocr_carea ocr_par ocr_line ocrx_word'/>
</head>
<body>
  <div class='ocr_page' id='page_1' title='image "./sanctiirenaeiep00harvgoog_0182.png"; bbox 0 0 3000 4994; ppageno 0'>
   <div class='ocr_carea' id='block_1_1' title="bbox 375 316 1299 393">
    <p class='ocr_par' dir='ltr' id='par_1_1' title="bbox 375 316 1299 393">
     <span class='ocr_line' id='line_1_1' title="bbox 375 316 1299 393; baseline -0.001 -12"><span class='ocrx_word' id='word_1_1' title='bbox 375 328 477 382; x_wconf 81' lang='lat' dir='ltr'>uuus</span> <span class='ocrx_word' id='word_1_2' title='bbox 497 328 631 393; x_wconf 77' lang='lat' dir='ltr'>nares,</span> <span class='ocrx_word' id='word_1_3' title='bbox 657 329 783 383; x_wconf 82' lang='lat' dir='ltr'>smms</span> <span class='ocrx_word' id='word_1_4' title='bbox 807 329 855 382; x_wconf 81' lang='lat' dir='ltr'>sn</span> <span class='ocrx_word' id='word_1_5' title='bbox 880 330 1061 384; x_wconf 78' lang='lat' dir='ltr'>smarnos</span> <span class='ocrx_word' id='word_1_6' title='bbox 1236 316 1299 384; x_wconf 81' lang='lat'>171</span> 
     </span>
    </p>
   </div>
   <div class='ocr_carea' id='block_1_2' title="bbox 145 588 1302 2123">
    <p class='ocr_par' dir='ltr' id='par_1_2' title="bbox 145 588 1302 2123">
     <span class='ocr_line' id='line_1_2' title="bbox 145 588 1302 676; baseline 0.001 -23"><span class='ocrx_word' id='word_1_7' title='bbox 145 590 266 676; x_wconf 81' lang='lat' dir='ltr'>possint</span> <span class='ocrx_word' id='word_1_8' title='bbox 292 611 413 674; x_wconf 85' lang='lat' dir='ltr'>semper</span> <span class='ocrx_word' id='word_1_9' title='bbox 436 589 584 673; x_wconf 88' lang='lat' dir='ltr'>proficere</span> <span class='ocrx_word' id='word_1_10' title='bbox 610 588 804 653; x_wconf 90' lang='lat' dir='ltr'>credentes</span> <span class='ocrx_word' id='word_1_11' title='bbox 796 610 829 652; x_wconf 91' lang='lat' dir='ltr'>rn</span> <span class='ocrx_word' id='word_1_12' title='bbox 850 610 931 667; x_wconf 87' lang='lat' dir='ltr'>eum,</span> <span class='ocrx_word' id='word_1_13' title='bbox 961 589 1030 653; x_wconf 83' lang='lat' dir='ltr'>et¹</span> <span class='ocrx_word' id='word_1_14' title='bbox 1036 610 1091 673; x_wconf 88' lang='lat' dir='ltr'>per</span> <span class='ocrx_word' id='word_1_15' title='bbox 1114 595 1302 654; x_wconf 87' lang='lat' dir='ltr'>testamenta</span> 
     </span>
     <span class='ocr_line' id='line_1_3' title="bbox 145 690 1299 776; baseline 0 -19"><span class='ocrx_word' id='word_1_16' title='bbox 145 700 352 757; x_wconf 77' lang='lat' dir='ltr'>maturescere</span> <span class='ocrx_word' id='word_1_17' title='bbox 372 692 545 776; x_wconf 81' lang='lat' dir='ltr'>profectum</span> <span class='ocrx_word' id='word_1_18' title='bbox 563 691 684 757; x_wconf 88' lang='lat' dir='ltr'>salutis</span> <span class='ocrx_word' id='word_1_19' title='bbox 729 690 806 756; x_wconf 88' lang='lat' dir='ltr'>Una</span> <span class='ocrx_word' id='word_1_20' title='bbox 825 691 908 756; x_wconf 91' lang='lat' dir='ltr'>enim</span> <span class='ocrx_word' id='word_1_21' title='bbox 928 691 1013 756; x_wconf 87' lang='lat' dir='ltr'>salus</span> <span class='ocrx_word' id='word_1_22' title='bbox 1032 700 1064 756; x_wconf 89' lang='lat' dir='ltr'>et</span> <span class='ocrx_word' id='word_1_23' title='bbox 1087 713 1168 756; x_wconf 90' lang='lat' dir='ltr'>unns</span> <span class='ocrx_word' id='word_1_24' title='bbox 1190 692 1299 768; x_wconf 83' lang='lat' dir='ltr'>Deus3</span> 
     </span>
     <span class='ocr_line' id='line_1_4' title="bbox 146 793 1299 880; baseline 0.001 -22"><span class='ocrx_word' id='word_1_25' title='bbox 146 817 216 880; x_wconf 86' lang='lat' dir='ltr'>quae</span> <span class='ocrx_word' id='word_1_26' title='bbox 243 803 349 860; x_wconf 89' lang='lat' dir='ltr'>sutem</span> <span class='ocrx_word' id='word_1_27' title='bbox 374 794 511 859; x_wconf 82' lang='lat' dir='ltr'>sormunt</span> <span class='ocrx_word' id='word_1_28' title='bbox 533 794 701 872; x_wconf 90' lang='lat' dir='ltr'>hominem,</span> <span class='ocrx_word' id='word_1_29' title='bbox 736 802 894 879; x_wconf 88' lang='lat' dir='ltr'>praecepta</span> <span class='ocrx_word' id='word_1_30' title='bbox 917 793 1026 873; x_wconf 90' lang='lat' dir='ltr'>multa,</span> <span class='ocrx_word' id='word_1_31' title='bbox 1060 802 1093 859; x_wconf 91' lang='lat' dir='ltr'>et</span> <span class='ocrx_word' id='word_1_32' title='bbox 1115 816 1178 859; x_wconf 91' lang='lat' dir='ltr'>non</span> <span class='ocrx_word' id='word_1_33' title='bbox 1207 795 1299 878; x_wconf 85' lang='lat' dir='ltr'>pauci</span> 
     </span>
     <span class='ocr_line' id='line_1_5' title="bbox 146 896 1300 983; baseline 0.001 -23"><span class='ocrx_word' id='word_1_34' title='bbox 146 897 262 983; x_wconf 85' lang='lat' dir='ltr'>gradus</span> <span class='ocrx_word' id='word_1_35' title='bbox 286 896 339 981; x_wconf 84' lang='lat' dir='ltr'>qui</span> <span class='ocrx_word' id='word_1_36' title='bbox 365 896 524 961; x_wconf 90' lang='lat' dir='ltr'>adducunt</span> <span class='ocrx_word' id='word_1_37' title='bbox 546 896 704 963; x_wconf 91' lang='lat' dir='ltr'>bominem</span> <span class='ocrx_word' id='word_1_38' title='bbox 723 896 764 961; x_wconf 83' lang='lat' dir='ltr'>ud</span> <span class='ocrx_word' id='word_1_39' title='bbox 784 897 898 962; x_wconf 91' lang='lat' dir='ltr'>Deum.</span> <span class='ocrx_word' id='word_1_40' title='bbox 945 896 1096 962; x_wconf 77' lang='lat' dir='ltr'>²&#39;l&#39;erreno</span> <span class='ocrx_word' id='word_1_41' title='bbox 1120 897 1245 983; x_wconf 90' lang='lat' dir='ltr'>quidem</span> <span class='ocrx_word' id='word_1_42' title='bbox 1267 905 1300 962; x_wconf 90' lang='lat' dir='ltr'>et</span> 
     </span>
     <span class='ocr_line' id='line_1_6' title="bbox 147 997 1299 1085; baseline -0.001 -22"><span class='ocrx_word' id='word_1_43' title='bbox 147 997 311 1084; x_wconf 90' lang='lat' dir='ltr'>temporali</span> <span class='ocrx_word' id='word_1_44' title='bbox 331 997 409 1084; x_wconf 85' lang='lat' dir='ltr'>regi,</span> <span class='ocrx_word' id='word_1_45' title='bbox 428 1020 498 1062; x_wconf 91' lang='lat' dir='ltr'>oum</span> <span class='ocrx_word' id='word_1_46' title='bbox 513 998 557 1063; x_wconf 92' lang='lat' dir='ltr'>sit</span> <span class='ocrx_word' id='word_1_47' title='bbox 579 999 682 1077; x_wconf 88' lang='lat' dir='ltr'>bomo,</span> <span class='ocrx_word' id='word_1_48' title='bbox 709 997 782 1063; x_wconf 89' lang='lat' dir='ltr'>licet</span> <span class='ocrx_word' id='word_1_49' title='bbox 805 998 968 1083; x_wconf 83' lang='lat' dir='ltr'>aliquoties</span> <span class='ocrx_word' id='word_1_50' title='bbox 994 999 1127 1084; x_wconf 87' lang='lat' dir='ltr'>majores</span> <span class='ocrx_word' id='word_1_51' title='bbox 1141 1000 1299 1085; x_wconf 83' lang='lat' dir='ltr'>profectus</span> 
     </span>
     <span class='ocr_line' id='line_1_7' title="bbox 147 1103 1300 1189; baseline 0 -21"><span class='ocrx_word' id='word_1_52' title='bbox 147 1103 316 1168; x_wconf 78' lang='lat' dir='ltr'>attribuere</span> <span class='ocrx_word' id='word_1_53' title='bbox 330 1103 381 1168; x_wconf 94' lang='lat' dir='ltr'>his</span> <span class='ocrx_word' id='word_1_54' title='bbox 400 1103 544 1189; x_wconf 89' lang='lat' dir='ltr'>quisunt</span> <span class='ocrx_word' id='word_1_55' title='bbox 564 1103 714 1189; x_wconf 91' lang='lat' dir='ltr'>subjecti:</span> <span class='ocrx_word' id='word_1_56' title='bbox 736 1103 805 1168; x_wconf 89' lang='lat' dir='ltr'>Deo</span> <span class='ocrx_word' id='word_1_57' title='bbox 824 1113 929 1167; x_wconf 89' lang='lat' dir='ltr'>autem</span> <span class='ocrx_word' id='word_1_58' title='bbox 946 1125 1010 1167; x_wconf 91' lang='lat' dir='ltr'>non</span> <span class='ocrx_word' id='word_1_59' title='bbox 1029 1104 1145 1182; x_wconf 83' lang='lat' dir='ltr'>licebit,</span> <span class='ocrx_word' id='word_1_60' title='bbox 1167 1125 1240 1168; x_wconf 91' lang='lat' dir='ltr'>cum</span> <span class='ocrx_word' id='word_1_61' title='bbox 1258 1103 1300 1169; x_wconf 93' lang='lat' dir='ltr'>sit</span> 
     </span>
     <span class='ocr_line' id='line_1_8' title="bbox 145 1206 1299 1293; baseline 0.002 -21"><span class='ocrx_word' id='word_1_62' title='bbox 145 1207 239 1287; x_wconf 88' lang='lat' dir='ltr'>idem,</span> <span class='ocrx_word' id='word_1_63' title='bbox 254 1216 287 1272; x_wconf 90' lang='lat' dir='ltr'>et</span> <span class='ocrx_word' id='word_1_64' title='bbox 305 1229 428 1292; x_wconf 86' lang='lat' dir='ltr'>semper</span> <span class='ocrx_word' id='word_1_65' title='bbox 442 1207 590 1292; x_wconf 85' lang='lat' dir='ltr'>majorem</span> <span class='ocrx_word' id='word_1_66' title='bbox 609 1207 742 1293; x_wconf 85' lang='lat' dir='ltr'>gratiam</span> <span class='ocrx_word' id='word_1_67' title='bbox 757 1215 905 1292; x_wconf 84' lang='lat' dir='ltr'>praestare</span> <span class='ocrx_word' id='word_1_68' title='bbox 919 1206 1054 1272; x_wconf 90' lang='lat' dir='ltr'>humano</span> <span class='ocrx_word' id='word_1_69' title='bbox 1073 1207 1181 1293; x_wconf 80' lang='lat' dir='ltr'>generi</span> <span class='ocrx_word' id='word_1_70' title='bbox 1200 1208 1299 1286; x_wconf 80' lang='lat' dir='ltr'>⁸velit‚</span> 
     </span>
     <span class='ocr_line' id='line_1_9' title="bbox 146 1310 1299 1397; baseline 0.001 -22"><span class='ocrx_word' id='word_1_71' title='bbox 146 1318 179 1375; x_wconf 93' lang='lat' dir='ltr'>et</span> <span class='ocrx_word' id='word_1_72' title='bbox 201 1310 339 1395; x_wconf 89' lang='lat' dir='ltr'>pluribus</span> <span class='ocrx_word' id='word_1_73' title='bbox 360 1311 540 1375; x_wconf 89' lang='lat' dir='ltr'>muneribus</span> <span class='ocrx_word' id='word_1_74' title='bbox 560 1311 683 1376; x_wconf 82' lang='lat' dir='ltr'>assidue</span> <span class='ocrx_word' id='word_1_75' title='bbox 707 1310 857 1376; x_wconf 85' lang='lat' dir='ltr'>bonorare</span> <span class='ocrx_word' id='word_1_76' title='bbox 881 1333 935 1376; x_wconf 90' lang='lat' dir='ltr'>eos</span> <span class='ocrx_word' id='word_1_77' title='bbox 958 1311 1010 1396; x_wconf 91' lang='lat' dir='ltr'>qui</span> <span class='ocrx_word' id='word_1_78' title='bbox 1034 1311 1157 1397; x_wconf 81' lang='lat' dir='ltr'>placent</span> <span class='ocrx_word' id='word_1_79' title='bbox 1171 1312 1220 1376; x_wconf 78' lang='lat' dir='ltr'>eit</span> <span class='ocrx_word' id='word_1_80' title='bbox 1266 1313 1299 1377; x_wconf 89' lang='lat' dir='ltr'>Si</span> 
     </span>
     <span class='ocr_line' id='line_1_10' title="bbox 145 1413 1301 1499; baseline 0.003 -22"><span class='ocrx_word' id='word_1_81' title='bbox 145 1421 251 1478; x_wconf 90' lang='lat' dir='ltr'>autem</span> <span class='ocrx_word' id='word_1_82' title='bbox 271 1414 330 1478; x_wconf 89' lang='lat' dir='ltr'>boe</span> <span class='ocrx_word' id='word_1_83' title='bbox 350 1420 399 1478; x_wconf 88' lang='lat' dir='ltr'>est</span> <span class='ocrx_word' id='word_1_84' title='bbox 420 1414 592 1499; x_wconf 76' lang='lat' dir='ltr'>⁴prolicere,</span> <span class='ocrx_word' id='word_1_85' title='bbox 611 1413 743 1478; x_wconf 87' lang='lat' dir='ltr'>alterum</span> <span class='ocrx_word' id='word_1_86' title='bbox 759 1413 937 1478; x_wconf 79' lang='lat' dir='ltr'>adinvenire</span> <span class='ocrx_word' id='word_1_87' title='bbox 952 1413 1081 1478; x_wconf 89' lang='lat' dir='ltr'>Patrem</span> <span class='ocrx_word' id='word_1_88' title='bbox 1096 1423 1209 1498; x_wconf 89' lang='lat' dir='ltr'>praeter</span> <span class='ocrx_word' id='word_1_89' title='bbox 1228 1438 1301 1481; x_wconf 91' lang='lat' dir='ltr'>eum</span> 
     </span>
     <span class='ocr_line' id='line_1_11' title="bbox 147 1516 1300 1604; baseline 0.003 -24"><span class='ocrx_word' id='word_1_90' title='bbox 147 1516 200 1602; x_wconf 91' lang='lat' dir='ltr'>qui</span> <span class='ocrx_word' id='word_1_91' title='bbox 214 1517 255 1580; x_wconf 87' lang='lat' dir='ltr'>ab</span> <span class='ocrx_word' id='word_1_92' title='bbox 269 1517 358 1581; x_wconf 89' lang='lat' dir='ltr'>initio</span> <span class='ocrx_word' id='word_1_93' title='bbox 378 1517 581 1582; x_wconf 89' lang='lat' dir='ltr'>annuntiatus</span> <span class='ocrx_word' id='word_1_94' title='bbox 600 1525 659 1595; x_wconf 92' lang='lat' dir='ltr'>est,</span> <span class='ocrx_word' id='word_1_95' title='bbox 681 1524 714 1581; x_wconf 90' lang='lat' dir='ltr'>et</span> <span class='ocrx_word' id='word_1_96' title='bbox 732 1538 864 1596; x_wconf 88' lang='lat' dir='ltr'>rursum,</span> <span class='ocrx_word' id='word_1_97' title='bbox 882 1524 995 1602; x_wconf 87' lang='lat' dir='ltr'>praeter</span> <span class='ocrx_word' id='word_1_98' title='bbox 1014 1539 1085 1582; x_wconf 90' lang='lat' dir='ltr'>eum</span> <span class='ocrx_word' id='word_1_99' title='bbox 1100 1518 1152 1603; x_wconf 91' lang='lat' dir='ltr'>qui</span> <span class='ocrx_word' id='word_1_100' title='bbox 1172 1527 1300 1604; x_wconf 85' lang='lat' dir='ltr'>putatur</span> 
     </span>
     <span class='ocr_line' id='line_1_12' title="bbox 147 1619 1300 1708; baseline 0 -23"><span class='ocrx_word' id='word_1_101' title='bbox 147 1621 283 1686; x_wconf 91' lang='lat' dir='ltr'>secundo</span> <span class='ocrx_word' id='word_1_102' title='bbox 294 1620 436 1685; x_wconf 88' lang='lat' dir='ltr'>inventus</span> <span class='ocrx_word' id='word_1_103' title='bbox 447 1643 526 1699; x_wconf 90' lang='lat' dir='ltr'>esse,</span> <span class='ocrx_word' id='word_1_104' title='bbox 538 1620 685 1685; x_wconf 81' lang='lat' dir='ltr'>⁶alternm</span> <span class='ocrx_word' id='word_1_105' title='bbox 697 1619 823 1685; x_wconf 90' lang='lat' dir='ltr'>tertium</span> <span class='ocrx_word' id='word_1_106' title='bbox 834 1619 1028 1695; x_wconf 76' lang='lat' dir='ltr'>adinvenire;</span> <span class='ocrx_word' id='word_1_107' title='bbox 1044 1628 1077 1685; x_wconf 93' lang='lat' dir='ltr'>et</span> <span class='ocrx_word' id='word_1_108' title='bbox 1091 1621 1230 1708; x_wconf 88' lang='lat' dir='ltr'>ejusdem</span> <span class='ocrx_word' id='word_1_109' title='bbox 1241 1622 1300 1686; x_wconf 89' lang='lat' dir='ltr'>erit</span> 
     </span>
     <span class='ocr_line' id='line_1_13' title="bbox 147 1721 1301 1811; baseline 0.002 -25"><span class='ocrx_word' id='word_1_110' title='bbox 147 1721 318 1808; x_wconf 83' lang='lat' dir='ltr'>⁴profectus</span> <span class='ocrx_word' id='word_1_111' title='bbox 339 1733 372 1789; x_wconf 89' lang='lat' dir='ltr'>et</span> <span class='ocrx_word' id='word_1_112' title='bbox 390 1746 410 1788; x_wconf 90' lang='lat' dir='ltr'>a</span> <span class='ocrx_word' id='word_1_113' title='bbox 431 1724 525 1789; x_wconf 90' lang='lat' dir='ltr'>tertio</span> <span class='ocrx_word' id='word_1_114' title='bbox 545 1729 578 1788; x_wconf 92' lang='lat' dir='ltr'>in</span> <span class='ocrx_word' id='word_1_115' title='bbox 595 1732 749 1811; x_wconf 86' lang='lat' dir='ltr'>quartum,</span> <span class='ocrx_word' id='word_1_116' title='bbox 770 1731 803 1788; x_wconf 90' lang='lat' dir='ltr'>et</span> <span class='ocrx_word' id='word_1_117' title='bbox 828 1725 869 1788; x_wconf 90' lang='lat' dir='ltr'>ab</span> <span class='ocrx_word' id='word_1_118' title='bbox 890 1723 949 1788; x_wconf 91' lang='lat' dir='ltr'>hoc</span> <span class='ocrx_word' id='word_1_119' title='bbox 971 1745 1093 1787; x_wconf 89' lang='lat' dir='ltr'>rursum</span> <span class='ocrx_word' id='word_1_120' title='bbox 1114 1723 1246 1788; x_wconf 88' lang='lat' dir='ltr'>alterum</span> <span class='ocrx_word' id='word_1_121' title='bbox 1268 1734 1301 1790; x_wconf 91' lang='lat' dir='ltr'>et</span> 
     </span>
     <span class='ocr_line' id='line_1_14' title="bbox 147 1828 1301 1916; baseline -0.002 -22"><span class='ocrx_word' id='word_1_122' title='bbox 147 1830 295 1894; x_wconf 88' lang='lat' dir='ltr'>alterum:</span> <span class='ocrx_word' id='word_1_123' title='bbox 319 1838 352 1895; x_wconf 87' lang='lat' dir='ltr'>et</span> <span class='ocrx_word' id='word_1_124' title='bbox 365 1830 411 1895; x_wconf 89' lang='lat' dir='ltr'>sic</span> <span class='ocrx_word' id='word_1_125' title='bbox 431 1852 552 1916; x_wconf 85' lang='lat' dir='ltr'>semper</span> <span class='ocrx_word' id='word_1_126' title='bbox 571 1838 685 1914; x_wconf 86' lang='lat' dir='ltr'>putans</span> <span class='ocrx_word' id='word_1_127' title='bbox 699 1830 848 1915; x_wconf 89' lang='lat' dir='ltr'>proficere</span> <span class='ocrx_word' id='word_1_128' title='bbox 865 1828 938 1893; x_wconf 84' lang='lat' dir='ltr'>talis</span> <span class='ocrx_word' id='word_1_129' title='bbox 951 1849 1071 1906; x_wconf 91' lang='lat' dir='ltr'>sensus,</span> <span class='ocrx_word' id='word_1_130' title='bbox 1092 1849 1250 1912; x_wconf 91' lang='lat' dir='ltr'>nunquam</span> <span class='ocrx_word' id='word_1_131' title='bbox 1268 1830 1301 1892; x_wconf 89' lang='lat' dir='ltr'>in</span> 
     </span>
     <span class='ocr_line' id='line_1_15' title="bbox 147 1925 1301 2021; baseline -0.002 -25"><span class='ocrx_word' id='word_1_132' title='bbox 147 1955 209 1997; x_wconf 92' lang='lat' dir='ltr'>uno</span> <span class='ocrx_word' id='word_1_133' title='bbox 223 1933 320 1998; x_wconf 89' lang='lat' dir='ltr'>stabit</span> <span class='ocrx_word' id='word_1_134' title='bbox 335 1935 416 1998; x_wconf 87' lang='lat' dir='ltr'>Deo.</span> <span class='ocrx_word' id='word_1_135' title='bbox 454 1933 613 2021; x_wconf 84' lang='lat' dir='ltr'>Expulsus</span> <span class='ocrx_word' id='word_1_136' title='bbox 629 1925 712 1997; x_wconf 87' lang='lat' dir='ltr'>enim</span> <span class='ocrx_word' id='word_1_137' title='bbox 726 1933 767 1997; x_wconf 86' lang='lat' dir='ltr'>ab</span> <span class='ocrx_word' id='word_1_138' title='bbox 784 1954 823 1997; x_wconf 92' lang='lat' dir='ltr'>eo</span> <span class='ocrx_word' id='word_1_139' title='bbox 844 1931 895 2018; x_wconf 92' lang='lat' dir='ltr'>qui</span> <span class='ocrx_word' id='word_1_140' title='bbox 915 1940 973 2009; x_wconf 89' lang='lat' dir='ltr'>est,</span> <span class='ocrx_word' id='word_1_141' title='bbox 989 1939 1021 1996; x_wconf 89' lang='lat' dir='ltr'>et</span> <span class='ocrx_word' id='word_1_142' title='bbox 1035 1952 1175 1996; x_wconf 88' lang='lat' dir='ltr'>reversus</span> <span class='ocrx_word' id='word_1_143' title='bbox 1189 1938 1301 1997; x_wconf 89' lang='lat' dir='ltr'>retror-</span> 
     </span>
     <span class='ocr_line' id='line_1_16' title="bbox 146 2034 1301 2123; baseline -0.001 -23"><span class='ocrx_word' id='word_1_144' title='bbox 146 2057 226 2116; x_wconf 87' lang='lat' dir='ltr'>sum,</span> <span class='ocrx_word' id='word_1_145' title='bbox 242 2042 359 2122; x_wconf 83' lang='lat' dir='ltr'>quaeret</span> <span class='ocrx_word' id='word_1_146' title='bbox 373 2036 498 2123; x_wconf 89' lang='lat' dir='ltr'>quidem</span> <span class='ocrx_word' id='word_1_147' title='bbox 512 2057 644 2121; x_wconf 89' lang='lat' dir='ltr'>semper,</span> <span class='ocrx_word' id='word_1_148' title='bbox 660 2034 794 2101; x_wconf 88' lang='lat' dir='ltr'>inveniet</span> <span class='ocrx_word' id='word_1_149' title='bbox 808 2043 913 2100; x_wconf 89' lang='lat' dir='ltr'>autem</span> <span class='ocrx_word' id='word_1_150' title='bbox 928 2056 1086 2123; x_wconf 90' lang='lat' dir='ltr'>nunquam</span> <span class='ocrx_word' id='word_1_151' title='bbox 1101 2035 1225 2111; x_wconf 90' lang='lat' dir='ltr'>Deum;</span> <span class='ocrx_word' id='word_1_152' title='bbox 1245 2035 1301 2099; x_wconf 88' lang='lat' dir='ltr'>sed</span> 
     </span>
    </p>
   </div>
   <div class='ocr_carea' id='block_1_3' title="bbox 94 2248 1310 4601">
    <p class='ocr_par' dir='ltr' id='par_1_3' title="bbox 94 2248 1310 4601">
     <span class='ocr_line' id='line_1_17' title="bbox 197 2248 1305 2314; baseline 0.002 -16"><span class='ocrx_word' id='word_1_153' title='bbox 197 2248 206 2279; x_wconf 83' lang='lat'><em>¹</em></span> <span class='ocrx_word' id='word_1_154' title='bbox 217 2266 264 2312; x_wconf 83' lang='lat' dir='ltr'>per</span> <span class='ocrx_word' id='word_1_155' title='bbox 274 2256 417 2311; x_wconf 66' lang='lat' dir='ltr'>(mamma,</span> <span class='ocrx_word' id='word_1_156' title='bbox 427 2255 474 2298; x_wconf 91' lang='lat' dir='ltr'>etc.</span> <span class='ocrx_word' id='word_1_157' title='bbox 498 2251 577 2299; x_wconf 84' lang='lat' dir='ltr'>These</span> <span class='ocrx_word' id='word_1_158' title='bbox 589 2251 699 2309; x_wconf 75' lang='grc' dir='ltr'>διοθηκαὶ</span> <span class='ocrx_word' id='word_1_159' title='bbox 748 2265 852 2313; x_wconf 84' lang='lat' dir='ltr'>passage</span> <span class='ocrx_word' id='word_1_160' title='bbox 860 2249 935 2311; x_wconf 82' lang='lat' dir='ltr'>being</span> <span class='ocrx_word' id='word_1_161' title='bbox 945 2248 1071 2312; x_wconf 84' lang='lat' dir='ltr'>evidently</span> <span class='ocrx_word' id='word_1_162' title='bbox 1080 2265 1112 2297; x_wconf 89' lang='lat' dir='ltr'>an</span> <span class='ocrx_word' id='word_1_163' title='bbox 1119 2251 1305 2314; x_wconf 81' lang='lat' dir='ltr'>applicationes</span> 
     </span>
     <span class='ocr_line' id='line_1_18' title="bbox 148 2330 1299 2396; baseline 0.001 -16"><span class='ocrx_word' id='word_1_164' title='bbox 148 2347 212 2380; x_wconf 83' lang='lat' dir='ltr'>were</span> <span class='ocrx_word' id='word_1_165' title='bbox 234 2331 277 2380; x_wconf 88' lang='lat' dir='ltr'>the</span> <span class='ocrx_word' id='word_1_166' title='bbox 301 2331 398 2381; x_wconf 88' lang='lat' dir='ltr'>Mosaic</span> <span class='ocrx_word' id='word_1_167' title='bbox 421 2332 596 2396; x_wconf 85' lang='lat' dir='ltr'>dispensatien,</span> <span class='ocrx_word' id='word_1_168' title='bbox 621 2331 700 2381; x_wconf 87' lang='lat' dir='ltr'>under</span> <span class='ocrx_word' id='word_1_169' title='bbox 749 2330 775 2379; x_wconf 81' lang='lat' dir='ltr'>S.</span> <span class='ocrx_word' id='word_1_170' title='bbox 786 2330 869 2378; x_wconf 86' lang='lat' dir='ltr'>Paul&#39;s</span> <span class='ocrx_word' id='word_1_171' title='bbox 880 2330 968 2389; x_wconf 88' lang='lat' dir='ltr'>words,</span> <span class='ocrx_word' id='word_1_172' title='bbox 983 2332 1042 2379; x_wconf 82' lang='grc' dir='ltr'>ὅταν</span> <span class='ocrx_word' id='word_1_173' title='bbox 1053 2333 1079 2380; x_wconf 80' lang='grc' dir='ltr'>δὲ</span> <span class='ocrx_word' id='word_1_174' title='bbox 1089 2333 1118 2379; x_wconf 83' lang='grc' dir='ltr'>τὸ</span> <span class='ocrx_word' id='word_1_175' title='bbox 1128 2334 1220 2380; x_wconf 72' lang='grc' dir='ltr'>τέλειον</span> <span class='ocrx_word' id='word_1_176' title='bbox 1231 2335 1299 2395; x_wconf 80' lang='grc' dir='ltr'><strong><em>ἔλθῃ,</em></strong></span> 
     </span>
     <span class='ocr_line' id='line_1_19' title="bbox 148 2411 1302 2478; baseline 0.003 -19"><span class='ocrx_word' id='word_1_177' title='bbox 148 2412 231 2460; x_wconf 83' lang='lat' dir='ltr'>which</span> <span class='ocrx_word' id='word_1_178' title='bbox 255 2412 339 2460; x_wconf 84' lang='lat' dir='ltr'>Christ</span> <span class='ocrx_word' id='word_1_179' title='bbox 364 2429 416 2461; x_wconf 89' lang='lat' dir='ltr'>was</span> <span class='ocrx_word' id='word_1_180' title='bbox 445 2412 557 2472; x_wconf 88' lang='lat' dir='ltr'>foretold,</span> <span class='ocrx_word' id='word_1_181' title='bbox 583 2411 632 2460; x_wconf 88' lang='lat' dir='ltr'>and</span> <span class='ocrx_word' id='word_1_182' title='bbox 656 2412 700 2459; x_wconf 89' lang='lat' dir='ltr'>the</span> <span class='ocrx_word' id='word_1_183' title='bbox 749 2412 809 2475; x_wconf 84' lang='lat' dir='ltr'>they</span> <span class='ocrx_word' id='word_1_184' title='bbox 820 2427 861 2458; x_wconf 87' lang='lat' dir='ltr'>aro</span> <span class='ocrx_word' id='word_1_185' title='bbox 879 2411 904 2458; x_wconf 89' lang='lat' dir='ltr'>in</span> <span class='ocrx_word' id='word_1_186' title='bbox 922 2426 956 2458; x_wconf 89' lang='lat' dir='ltr'>no</span> <span class='ocrx_word' id='word_1_187' title='bbox 972 2427 1028 2475; x_wconf 88' lang='lat' dir='ltr'>way</span> <span class='ocrx_word' id='word_1_188' title='bbox 1044 2411 1073 2458; x_wconf 81' lang='lat' dir='ltr'>ef</span> <span class='ocrx_word' id='word_1_189' title='bbox 1092 2412 1193 2475; x_wconf 85' lang='lat' dir='ltr'>parallel</span> <span class='ocrx_word' id='word_1_190' title='bbox 1210 2414 1302 2478; x_wconf 87' lang='lat' dir='ltr'>impert</span> 
     </span>
     <span class='ocr_line' id='line_1_20' title="bbox 149 2491 1300 2557; baseline 0.002 -15"><span class='ocrx_word' id='word_1_191' title='bbox 149 2492 283 2553; x_wconf 74' lang='lat' dir='ltr'>Christian,</span> <span class='ocrx_word' id='word_1_192' title='bbox 306 2492 384 2541; x_wconf 88' lang='lat' dir='ltr'>under</span> <span class='ocrx_word' id='word_1_193' title='bbox 400 2493 480 2542; x_wconf 87' lang='lat' dir='ltr'>which</span> <span class='ocrx_word' id='word_1_194' title='bbox 503 2494 573 2541; x_wconf 88' lang='lat' dir='ltr'>those</span> <span class='ocrx_word' id='word_1_195' title='bbox 596 2493 698 2557; x_wconf 91' lang='lat' dir='ltr'>prophe·</span> <span class='ocrx_word' id='word_1_196' title='bbox 749 2493 810 2541; x_wconf 85' lang='lat' dir='ltr'>with</span> <span class='ocrx_word' id='word_1_197' title='bbox 819 2493 861 2540; x_wconf 87' lang='lat' dir='ltr'>the</span> <span class='ocrx_word' id='word_1_198' title='bbox 873 2492 952 2540; x_wconf 87' lang='lat' dir='ltr'>words</span> <span class='ocrx_word' id='word_1_199' title='bbox 961 2491 1102 2541; x_wconf 88' lang='lat' dir='ltr'>newunder</span> <span class='ocrx_word' id='word_1_200' title='bbox 1113 2493 1300 2545; x_wconf 84' lang='lat' dir='ltr'>consideration.</span> 
     </span>
     <span class='ocr_line' id='line_1_21' title="bbox 149 2573 1301 2638; baseline 0.002 -15"><span class='ocrx_word' id='word_1_201' title='bbox 149 2575 198 2628; x_wconf 87' lang='lat' dir='ltr'>cies</span> <span class='ocrx_word' id='word_1_202' title='bbox 209 2590 273 2623; x_wconf 83' lang='lat' dir='ltr'>were</span> <span class='ocrx_word' id='word_1_203' title='bbox 286 2573 397 2623; x_wconf 79' lang='lat' dir='ltr'>fulfilled.</span> <span class='ocrx_word' id='word_1_204' title='bbox 432 2574 484 2622; x_wconf 84' lang='lat' dir='ltr'>The</span> <span class='ocrx_word' id='word_1_205' title='bbox 495 2574 598 2638; x_wconf 86' lang='lat' dir='ltr'>reading</span> <span class='ocrx_word' id='word_1_206' title='bbox 606 2573 699 2636; x_wconf 80' lang='lat' dir='ltr'>prosec-</span> <span class='ocrx_word' id='word_1_207' title='bbox 800 2575 915 2623; x_wconf 78' lang='lat' dir='ltr'>Guass&#39;s</span> <span class='ocrx_word' id='word_1_208' title='bbox 931 2579 990 2623; x_wconf 86' lang='lat' dir='ltr'>note</span> <span class='ocrx_word' id='word_1_209' title='bbox 1012 2576 1033 2623; x_wconf 90' lang='lat' dir='ltr'>is</span> <span class='ocrx_word' id='word_1_210' title='bbox 1056 2592 1084 2623; x_wconf 90' lang='lat' dir='ltr'>as</span> <span class='ocrx_word' id='word_1_211' title='bbox 1101 2576 1212 2627; x_wconf 82' lang='lat' dir='ltr'>follows:</span> <span class='ocrx_word' id='word_1_212' title='bbox 1242 2578 1301 2626; x_wconf 90' lang='lat' dir='ltr'>Per·</span> 
     </span>
     <span class='ocr_line' id='line_1_22' title="bbox 149 2656 1300 2719; baseline 0.004 -14"><span class='ocrx_word' id='word_1_213' title='bbox 149 2665 200 2706; x_wconf 84' lang='lat' dir='ltr'>tum</span> <span class='ocrx_word' id='word_1_214' title='bbox 208 2657 250 2705; x_wconf 74' lang='lat' dir='ltr'>for</span> <span class='ocrx_word' id='word_1_215' title='bbox 257 2656 391 2719; x_wconf 62' lang='lat' dir='ltr'>perfeetum</span> <span class='ocrx_word' id='word_1_216' title='bbox 400 2672 477 2706; x_wconf 79' lang='lat' dir='ltr'>seems</span> <span class='ocrx_word' id='word_1_217' title='bbox 485 2656 699 2704; x_wconf 87' lang='lat' dir='ltr'>heretobeindis·</span> <span class='ocrx_word' id='word_1_218' title='bbox 749 2657 843 2705; x_wconf 82' lang='lat' dir='ltr'>sectum</span> <span class='ocrx_word' id='word_1_219' title='bbox 854 2656 950 2706; x_wconf 81' lang='lat' dir='ltr'>salutis.</span> <span class='ocrx_word' id='word_1_220' title='bbox 984 2656 1025 2704; x_wconf 81' lang='lat' dir='ltr'>Ita</span> <span class='ocrx_word' id='word_1_221' title='bbox 1040 2664 1081 2707; x_wconf 81' lang='lat' dir='ltr'>ret.</span> <span class='ocrx_word' id='word_1_222' title='bbox 1098 2657 1178 2707; x_wconf 72' lang='lat' dir='ltr'>Codes</span> <span class='ocrx_word' id='word_1_223' title='bbox 1193 2658 1300 2710; x_wconf 69' lang='lat' dir='ltr'>Fauoni.</span> 
     </span>
     <span class='ocr_line' id='line_1_23' title="bbox 148 2736 1302 2801; baseline 0.003 -16"><span class='ocrx_word' id='word_1_224' title='bbox 148 2736 272 2801; x_wconf 82' lang='lat' dir='ltr'>pensable.</span> <span class='ocrx_word' id='word_1_225' title='bbox 307 2737 359 2786; x_wconf 83' lang='lat' dir='ltr'>The</span> <span class='ocrx_word' id='word_1_226' title='bbox 377 2738 460 2787; x_wconf 86' lang='lat' dir='ltr'>Greek</span> <span class='ocrx_word' id='word_1_227' title='bbox 473 2737 555 2786; x_wconf 89' lang='lat' dir='ltr'>would</span> <span class='ocrx_word' id='word_1_228' title='bbox 575 2739 635 2787; x_wconf 91' lang='lat' dir='ltr'>then</span> <span class='ocrx_word' id='word_1_229' title='bbox 652 2754 700 2787; x_wconf 88' lang='lat' dir='ltr'>run</span> <span class='ocrx_word' id='word_1_230' title='bbox 751 2745 772 2787; x_wconf 79' lang='lat' dir='ltr'>et</span> <span class='ocrx_word' id='word_1_231' title='bbox 801 2738 864 2787; x_wconf 78' lang='lat' dir='ltr'>Voss.</span> <span class='ocrx_word' id='word_1_232' title='bbox 905 2737 952 2786; x_wconf 80' lang='lat' dir='ltr'>Sed</span> <span class='ocrx_word' id='word_1_233' title='bbox 978 2738 1073 2788; x_wconf 77' lang='lat' dir='ltr'>Erusm.</span> <span class='ocrx_word' id='word_1_234' title='bbox 1102 2739 1195 2789; x_wconf 77' lang='lat' dir='ltr'>Gallae.</span> <span class='ocrx_word' id='word_1_235' title='bbox 1219 2741 1302 2789; x_wconf 77' lang='lat' dir='ltr'>Aran-</span> 
     </span>
     <span class='ocr_line' id='line_1_24' title="bbox 148 2817 1304 2884; baseline 0.003 -18"><span class='ocrx_word' id='word_1_236' title='bbox 148 2834 177 2866; x_wconf 87' lang='lat' dir='ltr'>as</span> <span class='ocrx_word' id='word_1_237' title='bbox 199 2817 300 2878; x_wconf 80' lang='lat' dir='ltr'>follows,</span> <span class='ocrx_word' id='word_1_238' title='bbox 325 2822 363 2866; x_wconf 81' lang='lat' dir='ltr'>lvo</span> <span class='ocrx_word' id='word_1_239' title='bbox 385 2820 514 2877; x_wconf 77' lang='grc' dir='ltr'>δυνήθωσιν</span> <span class='ocrx_word' id='word_1_240' title='bbox 536 2821 599 2867; x_wconf 78' lang='grc' dir='ltr'>κατὰ</span> <span class='ocrx_word' id='word_1_241' title='bbox 621 2819 702 2867; x_wconf 74' lang='grc' dir='ltr'>πάντα</span> <span class='ocrx_word' id='word_1_242' title='bbox 751 2819 797 2868; x_wconf 78' lang='lat' dir='ltr'>dcl.</span> <span class='ocrx_word' id='word_1_243' title='bbox 815 2819 890 2868; x_wconf 80' lang='lat' dir='ltr'>Mero.</span> <span class='ocrx_word' id='word_1_244' title='bbox 916 2833 938 2879; x_wconf 82' lang='lat' dir='ltr'>a,</span> <span class='ocrx_word' id='word_1_245' title='bbox 962 2817 1049 2867; x_wconf 72' lang='lat' dir='ltr'>babeat</span> <span class='ocrx_word' id='word_1_246' title='bbox 1065 2836 1109 2883; x_wconf 88' lang='lat' dir='ltr'>per</span> <span class='ocrx_word' id='word_1_247' title='bbox 1127 2820 1243 2869; x_wconf 86' lang='lat' dir='ltr'>effectum</span> <span class='ocrx_word' id='word_1_248' title='bbox 1254 2838 1304 2884; x_wconf 81' lang='lat' dir='ltr'>pro</span> 
     </span>
     <span class='ocr_line' id='line_1_25' title="bbox 148 2899 1303 2964; baseline 0.004 -17"><span class='ocrx_word' id='word_1_249' title='bbox 148 2900 293 2961; x_wconf 78' lang='grc' dir='ltr'>προκόπτειν</span> <span class='ocrx_word' id='word_1_250' title='bbox 312 2902 334 2948; x_wconf 83' lang='lat' dir='ltr'>ol</span> <span class='ocrx_word' id='word_1_251' title='bbox 352 2903 503 2950; x_wconf 73' lang='grc' dir='ltr'>πιστεύοντες</span> <span class='ocrx_word' id='word_1_252' title='bbox 513 2903 550 2950; x_wconf 78' lang='grc' dir='ltr'>εἰς</span> <span class='ocrx_word' id='word_1_253' title='bbox 569 2903 648 2961; x_wconf 79' lang='grc' dir='ltr'>αὑτὸν,</span> <span class='ocrx_word' id='word_1_254' title='bbox 661 2903 702 2950; x_wconf 81' lang='lat' dir='ltr'>rol</span> <span class='ocrx_word' id='word_1_255' title='bbox 751 2900 894 2964; x_wconf 71' lang='lat' dir='ltr'>perlectum.</span> <span class='ocrx_word' id='word_1_256' title='bbox 919 2899 1029 2963; x_wconf 73' lang='lat' dir='ltr'>Denique</span> <span class='ocrx_word' id='word_1_257' title='bbox 1040 2900 1201 2950; x_wconf 78' lang='lat' dir='ltr'>Peucrrteatio</span> <span class='ocrx_word' id='word_1_258' title='bbox 1212 2910 1303 2952; x_wconf 78' lang='lat' dir='ltr'>ulrum·</span> 
     </span>
     <span class='ocr_line' id='line_1_26' title="bbox 150 2983 1304 3046; baseline 0.004 -17"><span class='ocrx_word' id='word_1_259' title='bbox 150 2983 189 3030; x_wconf 78' lang='lat' dir='ltr'>aa</span> <span class='ocrx_word' id='word_1_260' title='bbox 210 2983 259 3029; x_wconf 73' lang='grc' dir='ltr'>τῶν</span> <span class='ocrx_word' id='word_1_261' title='bbox 280 2983 398 3042; x_wconf 83' lang='grc' dir='ltr'>διαθηκῶν</span> <span class='ocrx_word' id='word_1_262' title='bbox 420 2984 570 3031; x_wconf 81' lang='grc' dir='ltr'>τελειοῦσθαι</span> <span class='ocrx_word' id='word_1_263' title='bbox 592 2985 636 3042; x_wconf 81' lang='grc' dir='ltr'>τὴν</span> <span class='ocrx_word' id='word_1_264' title='bbox 658 2985 701 3042; x_wconf 82' lang='grc' dir='ltr'>τῆς</span> <span class='ocrx_word' id='word_1_265' title='bbox 752 2983 1042 3046; x_wconf 64' lang='grc' dir='ltr'>φιοινιὶηενενὶειιινιεει.</span> <span class='ocrx_word' id='word_1_266' title='bbox 1074 2983 1128 3044; x_wconf 75' lang='lat' dir='ltr'>Sed,</span> <span class='ocrx_word' id='word_1_267' title='bbox 1143 2983 1304 3034; x_wconf 68' lang='lat' dir='ltr'>stamacon-</span> 
     </span>
     <span class='ocr_line' id='line_1_27' title="bbox 94 3061 1304 3134; baseline 0.001 -21"><span class='ocrx_word' id='word_1_268' title='bbox 94 3068 106 3093; x_wconf 81' lang='grc'>’</span> <span class='ocrx_word' id='word_1_269' title='bbox 148 3065 267 3126; x_wconf 68' lang='grc' dir='ltr'>σωτηρίας</span> <span class='ocrx_word' id='word_1_270' title='bbox 279 3066 408 3126; x_wconf 72' lang='grc' dir='ltr'>προκοπήν,</span> <span class='ocrx_word' id='word_1_271' title='bbox 418 3065 659 3134; x_wconf 77' lang='lat' dir='ltr'>wheremoturescere</span> <span class='ocrx_word' id='word_1_272' title='bbox 667 3065 701 3130; x_wconf 90' lang='lat' dir='ltr'>by</span> <span class='ocrx_word' id='word_1_273' title='bbox 745 3061 840 3126; x_wconf 77' lang='lat' dir='ltr'>jactura</span> <span class='ocrx_word' id='word_1_274' title='bbox 857 3061 936 3124; x_wconf 73' lang='lat' dir='ltr'>sauir,</span> <span class='ocrx_word' id='word_1_275' title='bbox 962 3062 1094 3124; x_wconf 74' lang='lat' dir='ltr'>legendum,</span> <span class='ocrx_word' id='word_1_276' title='bbox 1115 3063 1147 3111; x_wconf 86' lang='lat' dir='ltr'>nd</span> <span class='ocrx_word' id='word_1_277' title='bbox 1166 3065 1304 3127; x_wconf 86' lang='lat' dir='ltr'>perfeetum</span> 
     </span>
     <span class='ocr_line' id='line_1_28' title="bbox 149 3144 1303 3210; baseline 0.001 -15"><span class='ocrx_word' id='word_1_278' title='bbox 149 3161 235 3209; x_wconf 85' lang='lat' dir='ltr'>avery</span> <span class='ocrx_word' id='word_1_279' title='bbox 253 3146 330 3210; x_wconf 85' lang='lat' dir='ltr'>likely</span> <span class='ocrx_word' id='word_1_280' title='bbox 346 3146 458 3195; x_wconf 88' lang='lat' dir='ltr'>solecism</span> <span class='ocrx_word' id='word_1_281' title='bbox 476 3162 535 3210; x_wconf 89' lang='lat' dir='ltr'>may</span> <span class='ocrx_word' id='word_1_282' title='bbox 556 3147 620 3196; x_wconf 87' lang='lat' dir='ltr'>have</span> <span class='ocrx_word' id='word_1_283' title='bbox 639 3147 700 3195; x_wconf 88' lang='lat' dir='ltr'>been</span> <span class='ocrx_word' id='word_1_284' title='bbox 752 3145 847 3204; x_wconf 82' lang='lat' dir='ltr'>salutis,</span> <span class='ocrx_word' id='word_1_285' title='bbox 869 3144 899 3192; x_wconf 75' lang='lat' dir='ltr'>id</span> <span class='ocrx_word' id='word_1_286' title='bbox 916 3151 955 3206; x_wconf 81' lang='lat' dir='ltr'>est,</span> <span class='ocrx_word' id='word_1_287' title='bbox 976 3145 1009 3192; x_wconf 91' lang='lat' dir='ltr'>ad</span> <span class='ocrx_word' id='word_1_288' title='bbox 1027 3146 1162 3209; x_wconf 81' lang='lat' dir='ltr'>perlectam</span> <span class='ocrx_word' id='word_1_289' title='bbox 1181 3146 1286 3196; x_wconf 85' lang='lat' dir='ltr'>salutem</span> <span class='ocrx_word' id='word_1_290' title='bbox 1296 3165 1303 3208; x_wconf 77' lang='lat'><em>3</em></span> 
     </span>
     <span class='ocr_line' id='line_1_29' title="bbox 149 3224 1306 3289; baseline 0.003 -15"><span class='ocrx_word' id='word_1_291' title='bbox 149 3227 249 3275; x_wconf 86' lang='lat' dir='ltr'>written</span> <span class='ocrx_word' id='word_1_292' title='bbox 271 3227 310 3274; x_wconf 81' lang='lat' dir='ltr'>sor</span> <span class='ocrx_word' id='word_1_293' title='bbox 328 3233 458 3276; x_wconf 61' lang='lat' dir='ltr'>maerore.</span> <span class='ocrx_word' id='word_1_294' title='bbox 492 3227 571 3275; x_wconf 88' lang='lat' dir='ltr'>There</span> <span class='ocrx_word' id='word_1_295' title='bbox 589 3229 609 3275; x_wconf 89' lang='lat' dir='ltr'>is</span> <span class='ocrx_word' id='word_1_296' title='bbox 624 3244 702 3277; x_wconf 84' lang='lat' dir='ltr'>some·</span> <span class='ocrx_word' id='word_1_297' title='bbox 752 3225 868 3289; x_wconf 77' lang='lat' dir='ltr'>quomodo</span> <span class='ocrx_word' id='word_1_298' title='bbox 886 3241 945 3289; x_wconf 70' lang='lat' dir='ltr'>paq.</span> <span class='ocrx_word' id='word_1_299' title='bbox 970 3227 1025 3287; x_wconf 84' lang='lat'>380,</span> <span class='ocrx_word' id='word_1_300' title='bbox 1050 3226 1094 3275; x_wconf 82' lang='lat' dir='ltr'>lia.</span> <span class='ocrx_word' id='word_1_301' title='bbox 1118 3224 1142 3289; x_wconf 88' lang='lat'>6,</span> <span class='ocrx_word' id='word_1_302' title='bbox 1162 3227 1306 3279; x_wconf 75' lang='lat' dir='ltr'>delumine</span> 
     </span>
     <span class='ocr_line' id='line_1_30' title="bbox 150 3307 1304 3374; baseline 0.003 -18"><span class='ocrx_word' id='word_1_303' title='bbox 150 3308 223 3371; x_wconf 86' lang='lat' dir='ltr'>thing</span> <span class='ocrx_word' id='word_1_304' title='bbox 244 3324 277 3356; x_wconf 91' lang='lat' dir='ltr'>no</span> <span class='ocrx_word' id='word_1_305' title='bbox 297 3309 344 3357; x_wconf 87' lang='lat' dir='ltr'>less</span> <span class='ocrx_word' id='word_1_306' title='bbox 365 3309 441 3357; x_wconf 88' lang='lat' dir='ltr'>harsh</span> <span class='ocrx_word' id='word_1_307' title='bbox 463 3309 489 3357; x_wconf 90' lang='lat' dir='ltr'>in</span> <span class='ocrx_word' id='word_1_308' title='bbox 512 3308 628 3357; x_wconf 68' lang='lat' dir='ltr'>(iassab</span> <span class='ocrx_word' id='word_1_309' title='bbox 645 3327 701 3374; x_wconf 89' lang='lat' dir='ltr'>pro·</span> <span class='ocrx_word' id='word_1_310' title='bbox 753 3307 865 3370; x_wconf 72' lang='lat' dir='ltr'>loquitur,</span> <span class='ocrx_word' id='word_1_311' title='bbox 878 3307 940 3356; x_wconf 71' lang='lat' dir='ltr'>zelor</span> <span class='ocrx_word' id='word_1_312' title='bbox 947 3323 994 3370; x_wconf 84' lang='lat' dir='ltr'>per</span> <span class='ocrx_word' id='word_1_313' title='bbox 1004 3307 1108 3357; x_wconf 78' lang='lat' dir='ltr'>diversos</span> <span class='ocrx_word' id='word_1_314' title='bbox 1116 3309 1211 3372; x_wconf 75' lang='grc' dir='ltr'>ρνοιίιιο</span> <span class='ocrx_word' id='word_1_315' title='bbox 1223 3326 1304 3373; x_wconf 77' lang='lat' dir='ltr'>perra·</span> 
     </span>
     <span class='ocr_line' id='line_1_31' title="bbox 150 3389 1304 3454; baseline 0.003 -16"><span class='ocrx_word' id='word_1_316' title='bbox 150 3390 226 3453; x_wconf 88' lang='lat' dir='ltr'>posed</span> <span class='ocrx_word' id='word_1_317' title='bbox 252 3390 363 3454; x_wconf 88' lang='lat' dir='ltr'>reading,</span> <span class='ocrx_word' id='word_1_318' title='bbox 392 3390 427 3438; x_wconf 86' lang='lat' dir='ltr'>ad</span> <span class='ocrx_word' id='word_1_319' title='bbox 446 3390 580 3452; x_wconf 80' lang='lat' dir='ltr'>perfectura</span> <span class='ocrx_word' id='word_1_320' title='bbox 605 3391 698 3451; x_wconf 66' lang='lat' dir='ltr'>solutu,</span> <span class='ocrx_word' id='word_1_321' title='bbox 752 3390 829 3438; x_wconf 69' lang='lat' dir='ltr'>triaue</span> <span class='ocrx_word' id='word_1_322' title='bbox 840 3389 875 3437; x_wconf 84' lang='lat' dir='ltr'>cd</span> <span class='ocrx_word' id='word_1_323' title='bbox 882 3389 1022 3452; x_wconf 62' lang='lat' dir='ltr'>perfectam,</span> <span class='ocrx_word' id='word_1_324' title='bbox 1037 3393 1095 3452; x_wconf 79' lang='grc' dir='ltr'>πρὸς</span> <span class='ocrx_word' id='word_1_325' title='bbox 1105 3393 1197 3440; x_wconf 80' lang='grc' dir='ltr'>τέλειον</span> <span class='ocrx_word' id='word_1_326' title='bbox 1208 3393 1304 3454; x_wconf 78' lang='grc' dir='ltr'>ἀνερχο-</span> 
     </span>
     <span class='ocr_line' id='line_1_32' title="bbox 151 3469 1301 3537; baseline 0.003 -19"><span class='ocrx_word' id='word_1_327' title='bbox 151 3472 166 3519; x_wconf 95' lang='lat' dir='ltr'>i.</span> <span class='ocrx_word' id='word_1_328' title='bbox 180 3488 200 3521; x_wconf 84' lang='lat' dir='ltr'>e.</span> <span class='ocrx_word' id='word_1_329' title='bbox 225 3471 259 3520; x_wconf 83' lang='lat' dir='ltr'>ad</span> <span class='ocrx_word' id='word_1_330' title='bbox 272 3472 405 3534; x_wconf 67' lang='lat' dir='ltr'>perfectam</span> <span class='ocrx_word' id='word_1_331' title='bbox 421 3471 530 3522; x_wconf 66' lang='lat' dir='ltr'>solamur.</span> <span class='ocrx_word' id='word_1_332' title='bbox 565 3472 617 3521; x_wconf 83' lang='lat' dir='ltr'>The</span> <span class='ocrx_word' id='word_1_333' title='bbox 635 3489 702 3522; x_wconf 87' lang='lat' dir='ltr'>same</span> <span class='ocrx_word' id='word_1_334' title='bbox 752 3472 829 3529; x_wconf 76' lang='grc' dir='ltr'>μένον.</span> <span class='ocrx_word' id='word_1_335' title='bbox 864 3471 896 3519; x_wconf 83' lang='lat' dir='ltr'>Et</span> <span class='ocrx_word' id='word_1_336' title='bbox 907 3469 1013 3533; x_wconf 63' lang='lat' dir='ltr'>insertus</span> <span class='ocrx_word' id='word_1_337' title='bbox 1020 3487 1079 3534; x_wconf 74' lang='lat' dir='ltr'>pop.</span> <span class='ocrx_word' id='word_1_338' title='bbox 1093 3487 1148 3537; x_wconf 85' lang='lat'>409,</span> <span class='ocrx_word' id='word_1_339' title='bbox 1162 3473 1204 3522; x_wconf 87' lang='lat' dir='ltr'>ool.</span> <span class='ocrx_word' id='word_1_340' title='bbox 1222 3488 1243 3534; x_wconf 89' lang='lat'>1,</span> <span class='ocrx_word' id='word_1_341' title='bbox 1256 3474 1301 3523; x_wconf 80' lang='lat' dir='ltr'>lia.</span> 
     </span>
     <span class='ocr_line' id='line_1_33' title="bbox 149 3552 1304 3619; baseline 0.003 -17"><span class='ocrx_word' id='word_1_342' title='bbox 149 3553 274 3616; x_wconf 88' lang='lat' dir='ltr'>objection</span> <span class='ocrx_word' id='word_1_343' title='bbox 292 3553 385 3618; x_wconf 85' lang='lat' dir='ltr'>applies</span> <span class='ocrx_word' id='word_1_344' title='bbox 406 3558 434 3601; x_wconf 91' lang='lat' dir='ltr'>to</span> <span class='ocrx_word' id='word_1_345' title='bbox 452 3554 605 3603; x_wconf 79' lang='lat' dir='ltr'>Massusa&#39;s</span> <span class='ocrx_word' id='word_1_346' title='bbox 622 3555 703 3618; x_wconf 75' lang='lat' dir='ltr'>expla</span> <span class='ocrx_word' id='word_1_347' title='bbox 754 3568 792 3602; x_wconf 82' lang='lat' dir='ltr'>aa.</span> <span class='ocrx_word' id='word_1_348' title='bbox 827 3552 904 3601; x_wconf 85' lang='lat' dir='ltr'>Nunc</span> <span class='ocrx_word' id='word_1_349' title='bbox 916 3557 1001 3603; x_wconf 85' lang='lat' dir='ltr'>autern</span> <span class='ocrx_word' id='word_1_350' title='bbox 1015 3559 1111 3618; x_wconf 84' lang='lat' dir='ltr'>partem</span> <span class='ocrx_word' id='word_1_351' title='bbox 1126 3555 1235 3618; x_wconf 84' lang='lat' dir='ltr'>aliquam</span> <span class='ocrx_word' id='word_1_352' title='bbox 1251 3556 1304 3619; x_wconf 89' lang='lat' dir='ltr'>Spi-</span> 
     </span>
     <span class='ocr_line' id='line_1_34' title="bbox 150 3635 1306 3701; baseline 0.003 -18"><span class='ocrx_word' id='word_1_353' title='bbox 150 3636 245 3698; x_wconf 86' lang='lat' dir='ltr'>nation,</span> <span class='ocrx_word' id='word_1_354' title='bbox 260 3637 315 3685; x_wconf 86' lang='lat' dir='ltr'>that</span> <span class='ocrx_word' id='word_1_355' title='bbox 326 3637 369 3685; x_wconf 89' lang='lat' dir='ltr'>the</span> <span class='ocrx_word' id='word_1_356' title='bbox 379 3636 460 3685; x_wconf 88' lang='lat' dir='ltr'>vvords</span> <span class='ocrx_word' id='word_1_357' title='bbox 471 3653 512 3685; x_wconf 87' lang='lat' dir='ltr'>are</span> <span class='ocrx_word' id='word_1_358' title='bbox 523 3637 666 3701; x_wconf 82' lang='lat' dir='ltr'>equivalent</span> <span class='ocrx_word' id='word_1_359' title='bbox 676 3641 702 3684; x_wconf 92' lang='lat' dir='ltr'>to</span> <span class='ocrx_word' id='word_1_360' title='bbox 752 3637 816 3684; x_wconf 87' lang='lat' dir='ltr'>ritus</span> <span class='ocrx_word' id='word_1_361' title='bbox 834 3635 886 3698; x_wconf 90' lang='lat' dir='ltr'>ejus</span> <span class='ocrx_word' id='word_1_362' title='bbox 904 3636 1025 3685; x_wconf 88' lang='lat' dir='ltr'>sumimus</span> <span class='ocrx_word' id='word_1_363' title='bbox 1042 3636 1073 3684; x_wconf 87' lang='lat' dir='ltr'>ad</span> <span class='ocrx_word' id='word_1_364' title='bbox 1088 3637 1262 3701; x_wconf 69' lang='lat' dir='ltr'>perlectionem</span> <span class='ocrx_word' id='word_1_365' title='bbox 1280 3644 1306 3686; x_wconf 86' lang='lat' dir='ltr'>et</span> 
     </span>
     <span class='ocr_line' id='line_1_35' title="bbox 146 3717 1305 3782; baseline 0.001 -16"><span class='ocrx_word' id='word_1_366' title='bbox 146 3717 292 3780; x_wconf 64' lang='lat' dir='ltr'>perfectione</span> <span class='ocrx_word' id='word_1_367' title='bbox 302 3718 404 3774; x_wconf 63' lang='grc' dir='ltr'>ιαὶνίἰιρ</span> <span class='ocrx_word' id='word_1_368' title='bbox 418 3719 520 3777; x_wconf 88' lang='lat' dir='ltr'>besides,</span> <span class='ocrx_word' id='word_1_369' title='bbox 530 3719 610 3767; x_wconf 87' lang='lat' dir='ltr'>where</span> <span class='ocrx_word' id='word_1_370' title='bbox 622 3717 703 3766; x_wconf 88' lang='lat' dir='ltr'>would</span> <span class='ocrx_word' id='word_1_371' title='bbox 753 3718 959 3780; x_wconf 68' lang='lat' dir='ltr'>preparationem</span> <span class='ocrx_word' id='word_1_372' title='bbox 982 3718 1160 3782; x_wconf 72' lang='lat' dir='ltr'>incorruptelae,</span> <span class='ocrx_word' id='word_1_373' title='bbox 1184 3719 1305 3781; x_wconf 85' lang='lat' dir='ltr'>paulatim</span> 
     </span>
     <span class='ocr_line' id='line_1_36' title="bbox 151 3799 1267 3864; baseline -0.001 -17"><span class='ocrx_word' id='word_1_374' title='bbox 151 3799 221 3847; x_wconf 90' lang='lat' dir='ltr'>there</span> <span class='ocrx_word' id='word_1_375' title='bbox 239 3799 270 3847; x_wconf 89' lang='lat' dir='ltr'>be</span> <span class='ocrx_word' id='word_1_376' title='bbox 287 3815 337 3864; x_wconf 86' lang='lat' dir='ltr'>any</span> <span class='ocrx_word' id='word_1_377' title='bbox 355 3800 472 3864; x_wconf 89' lang='lat' dir='ltr'>probable</span> <span class='ocrx_word' id='word_1_378' title='bbox 490 3799 598 3848; x_wconf 89' lang='lat' dir='ltr'>solution</span> <span class='ocrx_word' id='word_1_379' title='bbox 618 3801 643 3847; x_wconf 93' lang='lat' dir='ltr'>in</span> <span class='ocrx_word' id='word_1_380' title='bbox 660 3800 703 3848; x_wconf 91' lang='lat' dir='ltr'>thc</span> <span class='ocrx_word' id='word_1_381' title='bbox 754 3805 920 3847; x_wconf 84' lang='lat' dir='ltr'>assuescentes</span> <span class='ocrx_word' id='word_1_382' title='bbox 931 3816 1018 3864; x_wconf 89' lang='lat' dir='ltr'>capere</span> <span class='ocrx_word' id='word_1_383' title='bbox 1029 3804 1054 3848; x_wconf 89' lang='lat' dir='ltr'>et</span> <span class='ocrx_word' id='word_1_384' title='bbox 1065 3805 1164 3863; x_wconf 84' lang='lat' dir='ltr'>portare</span> <span class='ocrx_word' id='word_1_385' title='bbox 1176 3800 1267 3848; x_wconf 89' lang='lat' dir='ltr'>Deum.</span> 
     </span>
     <span class='ocr_line' id='line_1_37' title="bbox 151 3878 1305 3944; baseline -0.001 -16"><span class='ocrx_word' id='word_1_386' title='bbox 151 3880 251 3929; x_wconf 84' lang='lat' dir='ltr'>Greekt</span> <span class='ocrx_word' id='word_1_387' title='bbox 284 3881 337 3929; x_wconf 83' lang='lat' dir='ltr'>The</span> <span class='ocrx_word' id='word_1_388' title='bbox 358 3881 489 3929; x_wconf 84' lang='lat' dir='ltr'>alteration</span> <span class='ocrx_word' id='word_1_389' title='bbox 505 3897 562 3930; x_wconf 87' lang='lat' dir='ltr'>now</span> <span class='ocrx_word' id='word_1_390' title='bbox 583 3881 704 3944; x_wconf 89' lang='lat' dir='ltr'>proposed</span> <span class='ocrx_word' id='word_1_391' title='bbox 802 3878 875 3929; x_wconf 70' lang='lat' dir='ltr'>&#39;Cn</span> <span class='ocrx_word' id='word_1_392' title='bbox 895 3882 984 3929; x_wconf 84' lang='lat' dir='ltr'>inserts</span> <span class='ocrx_word' id='word_1_393' title='bbox 1003 3888 1064 3939; x_wconf 72' lang='grc' dir='ltr'>αιιεν,</span> <span class='ocrx_word' id='word_1_394' title='bbox 1086 3880 1151 3928; x_wconf 85' lang='lat' dir='ltr'>from</span> <span class='ocrx_word' id='word_1_395' title='bbox 1168 3880 1211 3927; x_wconf 89' lang='lat' dir='ltr'>tho</span> <span class='ocrx_word' id='word_1_396' title='bbox 1233 3881 1305 3943; x_wconf 86' lang='lat' dir='ltr'>sylla-</span> 
     </span>
     <span class='ocr_line' id='line_1_38' title="bbox 150 3960 1310 4026; baseline 0.001 -17"><span class='ocrx_word' id='word_1_397' title='bbox 150 3961 261 4026; x_wconf 86' lang='lat' dir='ltr'>seareely</span> <span class='ocrx_word' id='word_1_398' title='bbox 272 3962 439 4011; x_wconf 87' lang='lat' dir='ltr'>deservesthe</span> <span class='ocrx_word' id='word_1_399' title='bbox 454 3979 534 4024; x_wconf 86' lang='lat' dir='ltr'>name,</span> <span class='ocrx_word' id='word_1_400' title='bbox 547 3963 623 4011; x_wconf 83' lang='lat' dir='ltr'>sorin</span> <span class='ocrx_word' id='word_1_401' title='bbox 638 3967 704 4010; x_wconf 87' lang='lat' dir='ltr'>most</span> <span class='ocrx_word' id='word_1_402' title='bbox 754 3961 805 4010; x_wconf 89' lang='lat' dir='ltr'>bles</span> <span class='ocrx_word' id='word_1_403' title='bbox 817 3978 848 4009; x_wconf 90' lang='lat' dir='ltr'>on</span> <span class='ocrx_word' id='word_1_404' title='bbox 866 3962 944 4010; x_wconf 90' lang='lat' dir='ltr'>either</span> <span class='ocrx_word' id='word_1_405' title='bbox 959 3961 1018 4010; x_wconf 89' lang='lat' dir='ltr'>side.</span> <span class='ocrx_word' id='word_1_406' title='bbox 1052 3960 1178 4009; x_wconf 81' lang='lat' dir='ltr'>TbaOOD.</span> <span class='ocrx_word' id='word_1_407' title='bbox 1196 3961 1262 4009; x_wconf 75' lang='lat' dir='ltr'>Vsa.</span> <span class='ocrx_word' id='word_1_408' title='bbox 1281 3962 1310 4010; x_wconf 84' lang='lat' dir='ltr'>of</span> 
     </span>
     <span class='ocr_line' id='line_1_39' title="bbox 152 4041 1303 4108; baseline -0.003 -16"><span class='ocrx_word' id='word_1_409' title='bbox 152 4041 228 4092; x_wconf 85' lang='lat' dir='ltr'>MSS.</span> <span class='ocrx_word' id='word_1_410' title='bbox 245 4044 378 4106; x_wconf 77' lang='lat' dir='ltr'>perfectam</span> <span class='ocrx_word' id='word_1_411' title='bbox 400 4045 450 4093; x_wconf 89' lang='lat' dir='ltr'>and</span> <span class='ocrx_word' id='word_1_412' title='bbox 468 4045 605 4108; x_wconf 78' lang='lat' dir='ltr'>profectum</span> <span class='ocrx_word' id='word_1_413' title='bbox 623 4043 705 4092; x_wconf 87' lang='lat' dir='ltr'>would</span> <span class='ocrx_word' id='word_1_414' title='bbox 755 4041 874 4091; x_wconf 77' lang='lat' dir='ltr'>Fsuaau.</span> <span class='ocrx_word' id='word_1_415' title='bbox 888 4042 936 4089; x_wconf 88' lang='lat' dir='ltr'>and</span> <span class='ocrx_word' id='word_1_416' title='bbox 945 4042 1025 4091; x_wconf 79' lang='lat' dir='ltr'>Voss.</span> <span class='ocrx_word' id='word_1_417' title='bbox 1038 4042 1101 4090; x_wconf 83' lang='lat' dir='ltr'>have</span> <span class='ocrx_word' id='word_1_418' title='bbox 1112 4048 1167 4089; x_wconf 77' lang='lat' dir='ltr'>onte</span> <span class='ocrx_word' id='word_1_419' title='bbox 1177 4049 1303 4091; x_wconf 74' lang='lat' dir='ltr'>terrenam.</span> 
     </span>
     <span class='ocr_line' id='line_1_40' title="bbox 151 4122 1306 4192; baseline 0.001 -19"><span class='ocrx_word' id='word_1_420' title='bbox 151 4125 182 4173; x_wconf 91' lang='lat' dir='ltr'>be</span> <span class='ocrx_word' id='word_1_421' title='bbox 192 4125 292 4174; x_wconf 89' lang='lat' dir='ltr'>written</span> <span class='ocrx_word' id='word_1_422' title='bbox 303 4126 375 4176; x_wconf 81' lang='lat' dir='ltr'>slike,</span> <span class='ocrx_word' id='word_1_423' title='bbox 400 4127 521 4192; x_wconf 81' lang='lat' dir='ltr'>Compare</span> <span class='ocrx_word' id='word_1_424' title='bbox 532 4128 574 4175; x_wconf 92' lang='lat' dir='ltr'>the</span> <span class='ocrx_word' id='word_1_425' title='bbox 583 4126 655 4175; x_wconf 73' lang='lat' dir='ltr'>varia</span> <span class='ocrx_word' id='word_1_426' title='bbox 663 4126 705 4176; x_wconf 80' lang='lat' dir='ltr'>lec-</span> <span class='ocrx_word' id='word_1_427' title='bbox 804 4122 884 4171; x_wconf 75' lang='lat' dir='ltr'>³veh&#39;r</span> <span class='ocrx_word' id='word_1_428' title='bbox 902 4123 1008 4172; x_wconf 84' lang='lat' dir='ltr'>inserted</span> <span class='ocrx_word' id='word_1_429' title='bbox 1024 4123 1057 4187; x_wconf 91' lang='lat' dir='ltr'>by</span> <span class='ocrx_word' id='word_1_430' title='bbox 1076 4122 1163 4174; x_wconf 69' lang='lat' dir='ltr'>Mass·</span> <span class='ocrx_word' id='word_1_431' title='bbox 1181 4124 1246 4172; x_wconf 84' lang='lat' dir='ltr'>from</span> <span class='ocrx_word' id='word_1_432' title='bbox 1263 4124 1306 4171; x_wconf 84' lang='lat' dir='ltr'>the</span> 
     </span>
     <span class='ocr_line' id='line_1_41' title="bbox 151 4204 927 4270; baseline -0.001 -16"><span class='ocrx_word' id='word_1_433' title='bbox 151 4205 184 4254; x_wconf 78' lang='lat' dir='ltr'>tio</span> <span class='ocrx_word' id='word_1_434' title='bbox 195 4224 219 4270; x_wconf 93' lang='lat' dir='ltr'>p.</span> <span class='ocrx_word' id='word_1_435' title='bbox 232 4205 286 4268; x_wconf 75' lang='lat'>162,</span> <span class='ocrx_word' id='word_1_436' title='bbox 299 4223 324 4256; x_wconf 92' lang='lat' dir='ltr'>n.</span> <span class='ocrx_word' id='word_1_437' title='bbox 333 4226 357 4268; x_wconf 83' lang='lat'>4,</span> <span class='ocrx_word' id='word_1_438' title='bbox 370 4208 420 4256; x_wconf 88' lang='lat' dir='ltr'>and</span> <span class='ocrx_word' id='word_1_439' title='bbox 430 4207 499 4257; x_wconf 73' lang='lat' dir='ltr'>sano</span> <span class='ocrx_word' id='word_1_440' title='bbox 509 4223 562 4256; x_wconf 76' lang='lat' dir='ltr'>earo</span> <span class='ocrx_word' id='word_1_441' title='bbox 570 4207 705 4270; x_wconf 80' lang='lat' dir='ltr'>profectam</span> <span class='ocrx_word' id='word_1_442' title='bbox 756 4205 856 4253; x_wconf 78' lang='lat' dir='ltr'>Cusum.</span> <span class='ocrx_word' id='word_1_443' title='bbox 869 4204 927 4253; x_wconf 89' lang='lat' dir='ltr'>MS.</span> 
     </span>
     <span class='ocr_line' id='line_1_42' title="bbox 148 4285 1306 4354; baseline -0.001 -17"><span class='ocrx_word' id='word_1_444' title='bbox 148 4288 286 4353; x_wconf 74' lang='lat' dir='ltr'>percipiens</span> <span class='ocrx_word' id='word_1_445' title='bbox 296 4297 317 4337; x_wconf 82' lang='lat' dir='ltr'>et</span> <span class='ocrx_word' id='word_1_446' title='bbox 327 4297 480 4354; x_wconf 73' lang='grc' dir='ltr'>ονροιιιανιιι</span> <span class='ocrx_word' id='word_1_447' title='bbox 491 4290 574 4352; x_wconf 76' lang='lat' dir='ltr'>aba,</span> <span class='ocrx_word' id='word_1_448' title='bbox 587 4306 607 4339; x_wconf 89' lang='lat' dir='ltr'>c.</span> <span class='ocrx_word' id='word_1_449' title='bbox 617 4301 673 4339; x_wconf 82' lang='lat' dir='ltr'>xxr.</span> <span class='ocrx_word' id='word_1_450' title='bbox 681 4304 702 4338; x_wconf 81' lang='lat' dir='ltr'>a.</span> <span class='ocrx_word' id='word_1_451' title='bbox 803 4286 815 4318; x_wconf 84' lang='lat'><strong>⁴</strong></span> <span class='ocrx_word' id='word_1_452' title='bbox 827 4286 943 4349; x_wconf 76' lang='lat' dir='ltr'>proficere</span> <span class='ocrx_word' id='word_1_453' title='bbox 954 4323 959 4335; x_wconf 94' lang='lat'><em>.</em></span> <span class='ocrx_word' id='word_1_454' title='bbox 970 4323 976 4335; x_wconf 89' lang='lat'><strong><em>.</em></strong></span> <span class='ocrx_word' id='word_1_455' title='bbox 988 4322 995 4335; x_wconf 88' lang='lat'><strong>.</strong></span> <span class='ocrx_word' id='word_1_456' title='bbox 1009 4325 1014 4336; x_wconf 94' lang='lat'>.</span> <span class='ocrx_word' id='word_1_457' title='bbox 1024 4285 1154 4349; x_wconf 76' lang='lat' dir='ltr'>profectus,</span> <span class='ocrx_word' id='word_1_458' title='bbox 1173 4286 1231 4335; x_wconf 88' lang='lat' dir='ltr'>here</span> <span class='ocrx_word' id='word_1_459' title='bbox 1252 4303 1306 4352; x_wconf 89' lang='lat' dir='ltr'>per·</span> 
     </span>
     <span class='ocr_line' id='line_1_43' title="bbox 152 4368 1305 4435; baseline 0 -17"><span class='ocrx_word' id='word_1_460' title='bbox 152 4370 307 4419; x_wconf 77' lang='lat' dir='ltr'>Massusr&#39;s</span> <span class='ocrx_word' id='word_1_461' title='bbox 318 4371 448 4435; x_wconf 78' lang='lat' dir='ltr'>quotation</span> <span class='ocrx_word' id='word_1_462' title='bbox 460 4374 488 4421; x_wconf 83' lang='lat' dir='ltr'>of</span> <span class='ocrx_word' id='word_1_463' title='bbox 497 4373 539 4422; x_wconf 89' lang='lat' dir='ltr'>the</span> <span class='ocrx_word' id='word_1_464' title='bbox 550 4372 631 4420; x_wconf 90' lang='lat' dir='ltr'>words</span> <span class='ocrx_word' id='word_1_465' title='bbox 638 4388 705 4421; x_wconf 87' lang='lat' dir='ltr'>some</span> <span class='ocrx_word' id='word_1_466' title='bbox 755 4369 825 4433; x_wconf 83' lang='lat' dir='ltr'>hapa,</span> <span class='ocrx_word' id='word_1_467' title='bbox 846 4370 874 4417; x_wconf 80' lang='grc' dir='ltr'>τὸ</span> <span class='ocrx_word' id='word_1_468' title='bbox 887 4369 1019 4430; x_wconf 82' lang='grc' dir='ltr'>προχωρεῖν</span> <span class='ocrx_word' id='word_1_469' title='bbox 1069 4369 1228 4430; x_wconf 75' lang='grc' dir='ltr'>προχώρησις.</span> <span class='ocrx_word' id='word_1_470' title='bbox 1266 4368 1305 4418; x_wconf 81' lang='lat' dir='ltr'>Cf.</span> 
     </span>
     <span class='ocr_line' id='line_1_44' title="bbox 152 4450 1018 4517; baseline 0 -16"><span class='ocrx_word' id='word_1_471' title='bbox 152 4469 209 4517; x_wconf 86' lang='lat' dir='ltr'>way</span> <span class='ocrx_word' id='word_1_472' title='bbox 227 4454 314 4515; x_wconf 86' lang='lat' dir='ltr'>above,</span> <span class='ocrx_word' id='word_1_473' title='bbox 334 4453 395 4502; x_wconf 67' lang='lat' dir='ltr'>sieut</span> <span class='ocrx_word' id='word_1_474' title='bbox 413 4454 490 4517; x_wconf 68' lang='lat' dir='ltr'>igitur</span> <span class='ocrx_word' id='word_1_475' title='bbox 500 4454 638 4503; x_wconf 63' lang='grc' dir='ltr'>οᾶοειιιεοιο</span> <span class='ocrx_word' id='word_1_476' title='bbox 650 4470 706 4516; x_wconf 77' lang='lat' dir='ltr'>per·</span> <span class='ocrx_word' id='word_1_477' title='bbox 751 4450 859 4514; x_wconf 73' lang='lat' dir='ltr'>proficiet</span> <span class='ocrx_word' id='word_1_478' title='bbox 870 4450 912 4511; x_wconf 83' lang='lat' dir='ltr'>od,</span> <span class='ocrx_word' id='word_1_479' title='bbox 926 4462 982 4498; x_wconf 78' lang='lat' dir='ltr'>nr.</span> <span class='ocrx_word' id='word_1_480' title='bbox 997 4465 1018 4501; x_wconf 84' lang='lat' dir='ltr'>a.</span> 
     </span>
     <span class='ocr_line' id='line_1_45' title="bbox 147 4533 1237 4601; baseline -0.001 -17"><span class='ocrx_word' id='word_1_481' title='bbox 147 4534 220 4598; x_wconf 76' lang='lat' dir='ltr'>secto,</span> <span class='ocrx_word' id='word_1_482' title='bbox 233 4535 254 4583; x_wconf 91' lang='lat' dir='ltr'>is</span> <span class='ocrx_word' id='word_1_483' title='bbox 269 4540 315 4584; x_wconf 86' lang='lat' dir='ltr'>not</span> <span class='ocrx_word' id='word_1_484' title='bbox 333 4540 360 4585; x_wconf 84' lang='lat' dir='ltr'>at</span> <span class='ocrx_word' id='word_1_485' title='bbox 375 4535 408 4584; x_wconf 86' lang='lat' dir='ltr'>all</span> <span class='ocrx_word' id='word_1_486' title='bbox 426 4541 453 4585; x_wconf 87' lang='lat' dir='ltr'>to</span> <span class='ocrx_word' id='word_1_487' title='bbox 470 4538 513 4586; x_wconf 89' lang='lat' dir='ltr'>tha</span> <span class='ocrx_word' id='word_1_488' title='bbox 530 4552 644 4601; x_wconf 88' lang='lat' dir='ltr'>purpose,</span> <span class='ocrx_word' id='word_1_489' title='bbox 663 4534 706 4584; x_wconf 87' lang='lat' dir='ltr'>the</span> <span class='ocrx_word' id='word_1_490' title='bbox 804 4533 933 4581; x_wconf 66' lang='grc' dir='ltr'>5ιιῑιινιιιιι</span> <span class='ocrx_word' id='word_1_491' title='bbox 945 4533 1049 4595; x_wconf 77' lang='lat' dir='ltr'>tertiam,</span> <span class='ocrx_word' id='word_1_492' title='bbox 1063 4533 1144 4596; x_wconf 71' lang='grc' dir='ltr'>τρίτον</span> <span class='ocrx_word' id='word_1_493' title='bbox 1155 4533 1237 4583; x_wconf 69' lang='grc' dir='ltr'>ἄλλον.</span> 
     </span>
    </p>
   </div>
   <div class='ocr_carea' id='block_1_4' title="bbox 1094 4623 1207 4685">
    <p class='ocr_par' dir='ltr' id='par_1_4' title="bbox 1094 4623 1207 4685">
     <span class='ocr_line' id='line_1_46' title="bbox 1094 4623 1207 4685; baseline -0.009 0"><span class='ocrx_word' id='word_1_494' title='bbox 1094 4623 1207 4685; x_wconf 80' lang='lat'>11-2</span> 
     </span>
    </p>
   </div>
   <div class='ocr_carea' id='block_1_5' title="bbox 1314 555 1464 730">
    <p class='ocr_par' dir='ltr' id='par_1_5' title="bbox 1314 555 1464 730">
     <span class='ocr_line' id='line_1_47' title="bbox 1314 555 1464 638; baseline 0.007 -1"><span class='ocrx_word' id='word_1_495' title='bbox 1314 599 1359 638; x_wconf 80' lang='lat' dir='ltr'>GR.</span> <span class='ocrx_word' id='word_1_496' title='bbox 1364 555 1403 638; x_wconf 86' lang='lat' dir='ltr'>lV.</span> <span class='ocrx_word' id='word_1_497' title='bbox 1404 555 1464 638; x_wconf 70' lang='lat' dir='ltr'>²alneti.</span> 
     </span>
     <span class='ocr_line' id='line_1_48' title="bbox 1326 646 1452 730; baseline 0 0"><span class='ocrx_word' id='word_1_498' title='bbox 1326 646 1452 730; x_wconf 60' lang='lat' dir='ltr'>”serv</span> 
     </span>
    </p>
   </div>
   <div class='ocr_carea' id='block_1_6' title="bbox 0 0 1512 4994">
    <p class='ocr_par' dir='ltr' id='par_1_6' title="bbox 0 0 1512 4994">
     <span class='ocr_line' id='line_1_49' title="bbox 0 0 1512 4994; baseline 0 0"><span class='ocrx_word' id='word_1_499' title='bbox 0 0 1512 4994; x_wconf 95' lang='lat' dir='ltr'> </span> 
     </span>
    </p>
   </div>
  </div>
 </body>
</html>
