3000 4994
373 377 428 436 Ἤ,
585 354 872 410 οιιεοιιιειιιιο.
1239 350 1305 415 233

148 505 278 582 tuturos,
299 510 332 569 et
345 504 502 591 percipere
517 527 647 594 regnum
662 508 822 576 coelorum.
858 511 903 576 Et
922 511 991 576 haec
1012 514 1172 577 ¹sermone
1192 515 1302 599 praedi·
1334 538 1463 625 xnppfflpp¹

148 608 300 672 cabantur
313 607 459 694 gentibus
475 610 544 674 sine
567 611 752 697 Scripturis:
776 623 963 700 quapropter
980 622 1013 679 et
1030 613 1100 700 plus
1119 615 1301 682 laborabant
1323 631 1459 718 ffiffi·

149 710 201 797 qui
224 710 256 773 in
277 719 388 798 gentes
407 712 627 798 praedicabant.
667 715 853 781 Generosior
875 726 980 782 autem
1000 739 1107 783 rursus
1127 719 1205 784 fides
1226 742 1301 807 gen·
1344 726 1427 764 *ιιι-9·

1316 800 1464 811 ,ι’-

147 813 226 877 tium
251 814 435 894 ostenditur,
457 836 632 882 sermonem
655 818 716 884 Dei
739 821 981 907 assequentium,
1004 822 1073 887 sine
1099 823 1302 890 instructione

148 915 335 982 2literarum.

569 1169 670 1235 oAP.
693 1170 876 1237 XXXIX.

150 1321 467 1412 Quemadmodum
497 1323 538 1399 io
572 1325 854 1420 circumcisione,
885 1343 917 1404 et
940 1335 1137 1431 preputio,
1166 1347 1198 1409 et
1215 1336 1301 1433 fide

469 1469 565 1518 uoco
580 1445 701 1520 Potor
717 1446 925 1524 ostenditur.

51 1646 83 1687 ιι.
92 1647 133 1686 su.
213 1626 267 1691 Sic
282 1627 365 1692 enim
380 1633 559 1714 oportuerat
573 1627 654 1692 filios
669 1627 817 1707 Abrahae,
834 1652 912 1715 quos
932 1630 974 1695 illi
987 1633 1027 1697 de
1046 1633 1198 1719 lapidibus
1218 1635 1300 1702 exci·
1314 1658 1373 1698 naa
1385 1659 1440 1699 ιιι

146 1730 224 1795 tavit
235 1730 333 1807 Deus,
348 1738 381 1794 et
396 1729 470 1794 tecit
484 1729 628 1794 assistere
639 1729 667 1795 ei
682 1730 814 1817 principi
829 1740 862 1797 et
877 1735 1112 1818 praenuntiatori
1129 1738 1213 1802 tacto
1228 1760 1300 1803 nos·

146 1841 204 1897 trae
215 1831 298 1911 fidei,
313 1832 380 1918 (qni
391 1840 423 1897 et
438 1831 558 1917 accepit
572 1840 794 1896 testamentum
807 1833 1058 1914 circumcisionis,
1074 1846 1146 1923 post
1156 1861 1224 1904 eam
1232 1840 1299 1926 jus
1314 1860 1374 1948 pipp.
1382 1861 1413 1946 pp
1423 1861 1453 1907 11.

146 1935 348 2000 tificationem
362 1957 432 2023 quae
443 1935 544 1999 fuerat
559 1934 591 1997 in
607 1934 759 2020 praeputio
773 1934 855 2015 fidei,
872 1946 907 2001 ut
925 1938 1196 2025 praetigurarcntnr
1212 1943 1244 2005 in
1261 1964 1300 2008 eo
1338 1935 1344 1953 ’

146 2047 276 2125 utraque
291 2047 488 2116 testamenta,
505 2046 540 2103 ut
558 2039 645 2104 fieret
660 2047 749 2124 pater
763 2040 901 2105 omnium
918 2042 969 2129 qui
984 2052 1156 2130 sequuntur
1173 2048 1299 2112 verbum

147 2144 220 2218 Dei,
235 2153 269 2209 et
283 2143 561 2230 peregrinationem
577 2142 609 2205 in
622 2142 682 2206 hoc
696 2142 810 2207 saeculo
825 2144 988 2224 sustinent,
1001 2146 1034 2211 id
1048 2155 1107 2222 est,
1123 2171 1230 2214 eorum
1245 2152 1298 2236 qui

146 2269 185 2311 ex
200 2246 443 2324 circumcisione,
458 2253 491 2310 et
510 2267 616 2310 eorum
632 2245 684 2332 qui
705 2267 745 2310 ex
766 2246 917 2331 praeputio
932 2247 1038 2313 fideles
1057 2259 1141 2329 sunt,
1164 2252 1246 2318 sicut
1266 2262 1298 2319 et

147 2351 284 2416 Oinous
303 2350 384 2436 ἱερὴ
401 2370 533 2414 commas
552 2347 722 2433 απφιιίανὶε,
743 2348 865 2412 ³omnia
887 2349 1071 2433 sustinens)
1095 2361 1127 2417 et
1150 2353 1183 2417 in
1204 2377 1299 2420 unam
1314 2378 1457 2428 spuens

145 2453 238 2518 tidem
255 2453 392 2518 Abrahae
406 2451 554 2538 colligens
574 2473 638 2528 eos,
660 2450 712 2538 qui
730 2474 768 2514 ex
789 2460 919 2536 utroque
934 2460 1122 2521 testamnto
1141 2458 1208 2542 apti
1225 2467 1300 2524 sunt

145 2556 178 2618 in
202 2557 439 2621 {edificationem
465 2554 536 2619 Dei.
588 2554 651 2619 Sed
672 2554 741 2619 haec
769 2554 891 2640 quidem
915 2577 984 2642 quae
1014 2567 1062 2622 est
1086 2559 1119 2622 in
1147 2561 1299 2646 praeputio

145 2659 233 2737 tides,
248 2667 357 2744 utpote
375 2659 469 2723 finem
484 2660 676 2745 conjungens
692 2657 852 2742 principio,
869 2657 1016 2742 primast
1031 2660 1198 2726 novissima
1215 2665 1300 2730 facta

147 2769 205 2826 est.
244 2761 369 2826 Etenim
386 2770 459 2825 ante
474 2758 740 2826 circumcisionem
756 2768 823 2824 erat
837 2759 869 2823 in
890 2761 1062 2839 Abraham,
1080 2771 1113 2827 et
1128 2763 1160 2827 in
1174 2766 1299 2852 reliquis

142 2864 238 2950 justis
261 2864 313 2950 qui
338 2862 520 2949 placuerunt
543 2862 623 2940 Deo,
647 2861 728 2927 sicut
752 2862 1047 2928 demonstravimus:
1079 2873 1112 2930 ct
1138 2889 1244 2933 rursus
1265 2869 1299 2934 in

146 2967 319 3032 novissimis
333 2967 524 3053 temporibus
544 2973 614 3030 orta
633 2975 682 3030 εει
696 2965 728 3029 in
743 2967 879 3030 humano
893 2989 1007 3054 genere
1027 2990 1082 3054 per
1097 2970 1224 3036 Domini
1244 2974 1298 3038 ad-

146 3078 280 3135 ventum.
315 3068 516 3134 circumcisio
535 3090 605 3133 vero
620 3075 653 3133 et
670 3067 736 3132 Lex
751 3069 965 3153 operationum
981 3071 1084 3136 media
1098 3073 1299 3142 obtinuerunt

144 3184 294 3263 tempora.
332 3176 405 3242 Hoc
420 3184 453 3241 et
467 3198 522 3262 per
535 3174 598 3240 alia
612 3175 736 3259 quidem
751 3175 860 3252 multa,
875 3175 942 3260 jam
957 3198 1028 3241 vero
1043 3185 1075 3242 et
1091 3198 1145 3264 per
1161 3180 1298 3248 Thamar
1310 3208 1462 3293 granum·

145 3277 239 3342 Judae
258 3299 369 3342 nurum
392 3279 496 3364 typice
515 3275 697 3341 ostenditur.
732 3275 810 3341 Cum
832 3276 915 3340 enim
934 3279 1126 3365 concepisset
1145 3283 1297 3368 geminos,
1341 3265 1382 3303 ἠ’

144 3379 222 3443 alter
236 3401 343 3443 eorum
357 3378 441 3463 prior
455 3377 582 3464 protulit
597 3398 723 3440 manum
737 3398 844 3441 suam:
869 3386 900 3442 et
915 3400 988 3441 cum
1004 3381 1156 3446 obstetrix
1174 3394 1299 3469 putaret

144 3503 215 3546 eum
230 3481 469 3569 primogenitum
488 3502 565 3559 esse,
585 3479 744 3545 coccinum
762 3479 899 3566 alligavit
918 3480 1041 3567 signum
1061 3483 1094 3546 in
1108 3506 1201 3549 manu
1218 3488 1296 3573 ejus.

145 3584 224 3649 Cum
239 3585 298 3651 hoc
312 3593 416 3650 autem
432 3585 548 3649 iactum
563 3592 656 3660 esset,
677 3592 709 3647 et
728 3582 933 3648 abstraxisset
951 3604 1076 3648 manum
1095 3608 1194 3664 suam,
1214 3589 1298 3674 prior

143 3688 238 3752 exivit
260 3689 355 3753 frater
380 3689 449 3775 ejus
472 3687 607 3761 Pliares3
635 3685 680 3751 sic
704 3684 817 3750 deinde
840 3685 994 3749 secundus
1013 3685 1073 3763 ille,
1097 3688 1208 3775 inquo
1229 3700 1297 3755 erat

143 3791 312 3868 coccinum,
333 3792 434 3855 Zara:
452 3790 533 3854 clare
550 3789 767 3855 manifestante
788 3788 957 3872 Scriptura,
974 3810 1045 3852 eum
1060 3791 1184 3874 quidem
1198 3814 1295 3877 popu·

143 3894 205 3958 lum
221 3894 274 3980 qui
289 3894 383 3960 habet
398 3893 557 3960 coccinum
572 3893 706 3980 signum,
722 3891 754 3955 id
768 3898 817 3957 est
831 3912 900 3955 eam
915 3890 1008 3955 fidem
1023 3913 1092 3977 quae
1107 3901 1156 3957 est
1171 3893 1203 3957 in
1218 3915 1295 3980 prae·

143 3997 239 4080 potio,
266 4003 488 4081 praeostensam
512 3994 635 4081 quidem
656 3993 790 4079 primum
812 3991 845 4056 in
871 3991 1064 4077 patriarchis,
1089 4001 1161 4079 post
1184 3994 1295 4061 deinde

41 4125 121 4166 esc.
143 4099 345 4174 subtractam,
368 4098 413 4163 uti
434 4107 613 4163 nasceretur
632 4098 727 4161 irater
747 4096 832 4180 ejus;
856 4093 967 4158 deinde
986 4093 1032 4158 sic
1054 4116 1125 4159 eum
1145 4100 1197 4182 qui
1212 4100 1295 4186 prior

143 4209 225 4266 esset
239 4202 374 4266 secundo
386 4201 453 4266 loco
467 4208 584 4275 natum,
601 4197 653 4283 qui
665 4207 713 4261 εει
730 4196 873 4281 cognitus
888 4216 942 4279 per
960 4194 1085 4280 signum
1105 4200 1293 4282 ⁴coccinum,

144 4304 312 4390 quoderat
334 4304 366 4368 in
388 4325 435 4381 eo,
452 4301 534 4388 quod
553 4307 602 4364 est
623 4298 727 4383 passio
749 4295 846 4373 Justi,
869 4297 910 4360 ab
932 4296 1022 4362 initio
1044 4299 1241 4387 praefigurata
1262 4306 1295 4372 in

193 4477 358 4526 ιΑιι.οιιιίιε
369 4489 479 4525 mmmm.
516 4472 596 4535 Scep.
611 4466 646 4519 16.
793 4466 901 4514 'ardere
913 4469 998 4530 φέρων,
1012 4469 1077 4518 ch.
1090 4470 1106 4520 i.
1122 4485 1144 4532 3.

191 4557 427 4618 ¹01.‚Voss.,Vnr.
450 4551 692 4618 scripturaruum.
793 4547 804 4577 ⁴
820 4545 948 4607 coccinum,
962 4549 1066 4598 omitted
1078 4550 1103 4598 in
1116 4552 1158 4600 the
1167 4555 1266 4608 Cossu.

245 4667 317 4710 von.
330 4666 363 4710 11.
645 4736 650 4743 Ι
1152 4640 1194 4706 15
