3000 4994
180 325 212 389 iv
352 340 596 395 ARGUMENTA
614 340 785 395 CAPITUII
803 341 908 394 LIBRI
926 342 1066 409 TERTII,
1082 342 1163 397 mc.

248 476 296 508 cn.
1282 481 1331 511 ruo.

232 542 317 598 XIX.
371 542 439 609 Quo
451 558 533 596 roura
541 543 612 615 fuit,
626 552 656 597 ut
672 543 787 597 Verbum
802 543 857 597 Dei
868 560 932 597 earo
944 545 1040 616 fient:
1062 554 1093 610 et,
1109 544 1244 601 Aduersus

412 645 453 682 eor
465 627 512 699 oui
525 629 618 683 dieunt
632 629 711 683 illum
721 629 843 700 putative
857 631 1017 700 apparuisse
1044 669 1051 683 .
1142 672 1147 683 .
1237 671 1243 684 .
1299 638 1333 687 95

241 732 310 787 XX.
370 729 506 785 Aenum
519 748 560 785 eor
575 732 622 802 qui
635 732 728 787 dicunt
739 750 799 787 oum
810 750 842 787 en
856 733 953 804 Joupti
963 744 1119 804 yeneratum
1143 773 1151 788 .
1239 775 1245 788 .
1282 740 1333 789 102

234 834 317 889 XXI.
376 834 468 901 Quare
481 835 674 905 mopnanr‘mur
687 836 749 909 fuit
763 836 838 890 Deur
853 837 883 889 in
892 837 1065 892 inobedientia
1081 839 1248 894 nominaret

414 921 523 975 artemio
546 921 674 991 quoniam
688 940 743 992 pro
761 940 789 976 eo
810 923 857 993 qui
876 923 999 977 saluatur
1017 924 1120 978 homine
1135 927 1247 998 suetum

414 1015 461 1067 ert,
474 1015 504 1060 ut
515 1007 692 1080 projiceretur
703 1009 734 1061 in
747 1008 816 1062 hreno
831 1011 962 1062 mundum
978 1010 1009 1064 de
1023 1011 1161 1065 Paradieo
1239 1051 1245 1062 .
1282 1017 1332 1065 105

225 1109 322 1164 XXII.
369 1107 487 1163 Ortonrio
502 1109 630 1179 quoniam
646 1110 761 1164 Verbum
773 1111 827 1164 Dei
838 1128 902 1165 earo
909 1113 1021 1184 sactum
1035 1122 1071 1168 ert
1139 1151 1146 1166 .
1236 1153 1242 1166 .
1282 1120 1333 1170 108

216 1211 330 1266 XXIII.
369 1209 496 1274 Onenrio,
511 1211 576 1280 quia
588 1211 656 1266 ane
674 1212 759 1283 Virpo
777 1213 807 1266 in
822 1222 896 1267 utero
908 1214 1025 1286 occiput,
1040 1216 1085 1269 red
1097 1232 1160 1280 non,
1179 1215 1247 1270 ane

415 1296 616 1359 adokroentula
632 1298 699 1352 sieut
716 1299 828 1368 quidam
842 1299 1054 1371 interpretantur
1141 1341 1147 1354 .
1238 1340 1245 1356 .
1281 1307 1333 1356 110

218 1400 328 1455 XXIV.
372 1398 602 1466 Quemadmodum
618 1400 800 1471 interpretata
818 1411 881 1455 runt
896 1402 1048 1473 Scriptura
1070 1405 1100 1457 in
1117 1404 1246 1459 Granum

414 1484 544 1556 linquam,
558 1494 581 1539 et
595 1487 703 1556 quaudo
756 1525 1245 1543 ......
1282 1495 1331 1543 lll

225 1588 320 1644 XXV.
378 1587 496 1643 Ortenrio
514 1588 642 1660 quoniam
667 1590 751 1661 Virpo
770 1591 800 1643 r'n
818 1599 893 1645 utero
910 1592 1028 1663 accipiet,
1044 1602 1068 1647 et
1084 1611 1139 1647 non
1158 1593 1246 1647 adole·

413 1674 532 1729 omento
559 1711 1241 1734 ........
1281 1684 1332 1731 116

224 1778 334 1832 XXVI.
374 1776 449 1845 Quid
460 1787 496 1832 ert
508 1779 579 1848 quod
593 1778 694 1832 dietum
708 1780 795 1833 atad
804 1780 912 1834 Dauid:
935 1782 1084 1855 Desruotu
1095 1782 1194 1837 ventrio
1205 1783 1246 1837 tui

410 1882 514 1935 ponam
529 1864 559 1918 in
574 1865 668 1919 throno
682 1883 738 1919 meo
756 1904 1244 1922 ......
1281 1870 1332 1923 117

209 1966 335 2022 XXVII.
372 1967 447 2034 Quid
459 1977 495 2022 ert
507 1967 583 2038 apud
592 1967 734 2022 Danielem
747 1969 817 2038 lapis
831 1969 886 2024 rino
900 1970 1024 2025 manibus
1036 1971 1136 2025 ereirm
1237 2010 1245 2024 .
1281 1977 1333 2026 118

203 2070 342 2126 XXVIII.
371 2071 463 2138 Quare
476 2070 556 2141 oirya
567 2070 658 2141 Moysi
668 2073 797 2144 projecta,
809 2072 912 2127 coluber
919 2075 1003 2146 saeta
1015 2083 1052 2128 ert
1140 2113 1146 2126 .
1236 2111 1243 2126 .
1295 2075 1329 2128 ib.

219 2175 331 2230 XXIX.
374 2173 491 2229 Octauio
513 2175 641 2244 quoniam
658 2175 682 2228 ri
701 2175 798 2245 Jorepi
809 2175 889 2247 filiun
909 2176 1009 2248 suirret
1023 2177 1168 2241 Dominae,
1188 2194 1243 2230 non

415 2260 476 2314 Iteo
489 2276 540 2314 ern
550 2261 677 2331 potnirret
756 2300 1244 2317 ......
1282 2268 1333 2317 119

224 2364 322 2418 ΧΧΧ.
371 2362 488 2417 Ortemio
501 2363 628 2433 quoniam
639 2381 690 2434 per
704 2381 764 2433 quoe
775 2365 908 2436 projeetuu
920 2375 957 2420 ert
972 2367 1047 2420 homo
1057 2365 1088 2419 de
1097 2365 1244 2432 Paradiro‚

412 2467 464 2521 per
478 2449 534 2504 hue
548 2450 645 2504 iterwn
660 2451 748 2504 intrat
761 2450 792 2504 in
806 2450 977 2505 Paradirum
1041 2490 1048 2505 .
1139 2493 1145 2505 .
1236 2494 1241 2505 .
1281 2460 1333 2509 120

215 2551 329 2607 XXXI.
368 2550 503 2608 Aevom
520 2568 561 2606 eor
575 2552 622 2623 oui
639 2553 740 2615 dieunt,
755 2570 815 2607 eum
829 2553 898 2607 utto
911 2553 942 2608 de
957 2553 1054 2607 Maria
1066 2554 1192 2624 acaptare
1235 2591 1243 2606 .
1294 2556 1330 2610 io.

207 2655 335 2711 XXXII.
370 2655 462 2722 Quare
475 2655 567 2709 Luras
581 2672 600 2707 a
613 2654 733 2709 Domr'no
755 2655 882 2710 inoioanr
903 2656 1093 2727 pnuolopiam,
1108 2657 1138 2709 in
1152 2654 1244 2710 Adam

412 2741 520 2794 retulit:
547 2750 571 2795 et
590 2750 653 2811 quot
679 2741 733 2794 rint
756 2742 790 2793 ab
815 2741 908 2794 Adam
930 2759 1011 2812 ueqtu
1032 2743 1071 2795 ad
1093 2741 1244 2796 Dominum

411 2826 590 2896 permotiones
652 2861 1241 2882 .......
1280 2834 1331 2884 123

199 2928 343 2986 XXXIII.
369 2927 488 2983 Ortmrio
502 2926 629 2997 quoniam
644 2925 738 2979 Adam
749 2926 830 2996 prior
843 2927 967 2980 rotamur
981 2945 1000 2980 a
1014 2928 1134 2983 Domino
1233 2971 1240 2985 .
1278 2936 1329 2985 126

206 3030 347 3087 XXXIV.
372 3030 417 3083 De
430 3028 500 3083 Cain
511 3028 559 3099 qui
562 3030 687 3097 fratrem
701 3045 780 3082 mum
795 3029 888 3084 oooidit
947 3068 953 3081 .
1042 3072 1048 3086 .
1140 3074 1146 3085 .
1237 3074 1243 3088 .
1281 3036 1333 3091 127

208 3132 335 3190 XXXV.
373 3131 465 3199 Quare
477 3130 554 3204 solio
570 3130 620 3202 firi
645 3129 830 3185 oireumoinuit
850 3148 876 3186 ee
895 3130 1002 3193 Adomr
1032 3133 1079 3197 Et,
1102 3133 1194 3201 Quare
1215 3134 1246 3188 de

412 3216 549 3270 Paradieo
561 3214 654 3270 Adam
664 3217 776 3288 projecit
790 3217 866 3272 Deua
944 3260 950 3271 .
1040 3259 1047 3273 .
1138 3260 1143 3271 .
1235 3261 1240 3272 .
1279 3226 1331 3274 128

204 3322 343 3379 XXXVI.
371 3320 446 3388 Quid
464 3329 501 3374 ert
520 3321 591 3390 quod
609 3338 627 3373 a
641 3321 774 3391 proptera
794 3321 896 3376 dietum
917 3330 961 3386 eet,
977 3323 1065 3393 Super
1086 3324 1203 3394 arpidem
1220 3333 1244 3377 et

413 3406 565 3460 meIIeonm
579 3406 729 3460 ambulabis
750 3447 1241 3463 ......
1279 3415 1329 3466 129

192 3511 348 3569 XXXVII.
364 3509 500 3564 Aoum
517 3509 629 3563 Tatiani
642 3510 795 3564 doctrinam
847 3547 1240 3565 .....
1278 3518 1330 3570 130

186 3614 356 3671 XXXVIII.
366 3612 502 3667 Aduerrne
516 3629 557 3666 eor
571 3613 618 3683 qui
628 3629 660 3667 ea
674 3630 831 3683 quoeunque
845 3629 928 3666 earua
942 3613 1055 3665 rehirma
1062 3614 1175 3685 saeiunt
1235 3655 1240 3666 .
1278 3622 1327 3671 131

199 3716 341 3773 XXXIX.
365 3716 483 3771 Ortenrio
495 3716 622 3786 quoniam
631 3715 803 3785 prouidentia
814 3714 869 3769 Dei
879 3724 992 3784 repatur
1004 3715 1044 3768 hie
1057 3716 1173 3769 mundus
1232 3757 1239 3770 .
1279 3724 1328 3776 133

238 3822 301 3876 xl..
371 3819 508 3887 Quoniam
522 3835 602 3887 neque
610 3817 719 3888 justitia
730 3818 785 3871 rino
797 3818 910 3871 bannato
924 3826 1044 3871 novatore
1055 3826 1148 3887 potent,
1162 3837 1243 3889 neque

410 3904 513 3959 bonitas
527 3903 582 3957 rim
590 3903 706 3973 jutitia.
746 3902 882 3969 Quoniam
896 3903 1002 3973 rapient
1018 3903 1088 3957 idem
1105 3913 1128 3957 et
1143 3905 1239 3960 dudan.

412 3989 529 4045 Ortemio
543 3989 614 4058 quod
631 3989 747 4042 Verbum
759 3989 813 4043 Dei
826 3998 850 4042 et
861 3990 975 4059 justum,
990 3998 1014 4042 et
1029 3990 1126 4043 bonum
1138 3992 1172 4045 rit
1230 4031 1238 4047 .
1276 3998 1326 4048 133

234 4094 311 4150 XLI.
370 4093 602 4161 Quemadmodum
632 4092 780 4163 rdipiorior
803 4092 887 4145 Plato
910 4110 992 4161 qnam
1019 4093 1135 4149 haretici
1158 4100 1241 4150 ontin-

411 4181 495 4234 datur
547 4216 1238 4236 ,,,,,,,,
1276 4183 1327 4236 135

229 4281 324 4336 XLII.
370 4282 600 4348 Qnremadmodum
614 4280 758 4335 mundum
769 4296 847 4334 neam
859 4281 980 4351 rapulam
1000 4285 1046 4353 qui
1063 4302 1083 4337 o
1102 4284 1242 4339 Valentino

410 4376 472 4419 runt
486 4367 711 4421 ertraoeritatem
726 4366 901 4422 attendantur
946 4407 952 4418 .
1042 4408 1047 4420 .
1138 4407 1145 4421 .
1234 4409 1239 4421 .
1278 4373 1327 4423 136

611 4552 906 4562 -.—-—-—-——-
