3000 4994
412 351 522 414 cusu
547 351 723 406 rnunrun
746 340 1290 410 missurusne

136 514 224 572 tum:
245 507 349 585 mon,
368 507 472 584 Sento,
485 507 564 594 qnid
575 529 622 573 me
629 508 848 595 persequente?
870 510 937 596 Epo
946 531 1012 575 nmo
1025 509 1290 590 resecemus,
1325 531 1378 572 crs
1388 532 1428 573 ιιι.

137 634 224 698 moon
243 612 490 698 tuporeeqoerr's:
512 610 624 677 deinde
640 611 774 676 Ananiae
799 612 838 677 de
858 634 896 678 eo
918 612 1079 679 ¹dicente:
1110 612 1206 691 Vade,
1220 636 1290 701 quo·
1309 625 1353 664 ⁰¹³·
1360 581 1406 664 1'11
1411 635 1446 664 ¹

136 715 223 778 niam
237 735 291 778 coe
308 713 457 778 electiones
470 713 547 778 mitt
565 722 606 778 est
622 715 687 791 teto,
706 723 741 778 ut
755 723 859 800 portet
879 736 984 780 nomen
1006 737 1104 780 mento
1122 716 1178 779 lin
1192 718 1291 802 ponti·
1315 671 1444 757 M¹ss¹¹u

139 814 199 893 taes,
218 825 246 879 et
260 813 387 900 repimus,
411 824 440 879 ct
449 815 518 897 fil''
491 836 532 879 aas
545 815 658 881 Israel.
703 816 769 902 Epo
789 817 869 880 enim
883 816 1133 882 demonstrabo
1103 821 1158 882 ot¹
1168 818 1289 897 scipso,
1302 825 1445 918 mult·

137 930 253 1007 quanto
272 930 408 1006 oporteat
427 944 491 986 eum
504 921 579 1008 pati
594 930 725 1007 proptor
746 944 851 987 menon
873 945 981 988 meunt.
1025 923 1087 1005 Qui
1110 923 1207 1010 igitur
1227 922 1330 988 non¹¹·
1310 923 1370 967 ¹¹¹⁶
1379 901 1408 960 ¹¹

137 1022 292 1109 recipiunt
313 1045 385 1087 eum
405 1023 458 1108 qui
474 1024 518 1087 sit
536 1022 654 1088 electus
671 1044 692 1087 a
707 1022 777 1089 Deo
796 1023 921 1101 adhoc,
937 1032 974 1088 ut
987 1023 1174 1090 fiducialiter
1187 1032 1291 1111 portet

137 1149 251 1192 nomen
265 1127 343 1214 ejus,
358 1128 441 1214 quod
456 1127 499 1192 sit
512 1128 627 1192 missus
647 1127 689 1191 ad
710 1148 788 1212 ques
802 1127 1003 1214 praediximus
1023 1136 1144 1215 gentes,
1166 1128 1291 1193 electio·

138 1252 210 1295 nem
230 1228 358 1295 Domini
379 1237 592 1309 contemnunt,
615 1237 649 1295 et
670 1229 788 1315 seipsos
811 1238 978 1317 segregant
1002 1231 1043 1295 ab
1067 1230 1291 1316 Apostolorum

138 1341 303 1399 conventu.
349 1332 458 1419 Neque
482 1332 566 1397 enim
592 1331 779 1398 contendere
808 1340 939 1418 possunt
969 1333 1103 1397 Paulum
1129 1354 1193 1397 non
1222 1354 1291 1398 esse

41 1448 116 1494 oan-
140 1435 339 1521 Apostolum,
355 1434 479 1519 qunndo
496 1435 529 1498 in
547 1435 608 1501 hoc
625 1434 667 1498 sit
687 1433 823 1499 electus:
848 1456 949 1520 neque
969 1434 1088 1500 Lucam
1108 1435 1291 1500 mendacem

138 1559 217 1615 esse,
242 1546 374 1624 possunt
403 1537 576 1616 ostendere,
602 1538 765 1603 veritatem
794 1537 885 1602 nobis
914 1560 986 1603 cum
1015 1539 1100 1603 omni
1127 1538 1290 1625 diligentia

138 1641 384 1706 annuntiantem.
431 1640 590 1706 Fortassis
608 1641 692 1706 enim
711 1649 745 1706 et
761 1648 888 1727 propter
901 1641 961 1706 hoc
979 1648 1125 1727 operatus
1139 1650 1186 1706 est
1203 1642 1291 1706 Deus

139 1742 272 1828 plurima
292 1743 464 1831 Evangelia
487 1743 609 1808 ostendi
632 1765 689 1830 per
710 1742 839 1820 Lucam,
863 1743 977 1829 quibus
996 1764 1123 1808 necesse
1141 1742 1292 1809 haberent

139 1869 247 1911 omnes
261 1846 318 1925 uti,
334 1854 371 1911 ut
384 1845 542 1932 ⁶sequenti
563 1844 778 1911 testificationi
797 1847 875 1932 ejus,
896 1866 990 1932 quam
1005 1845 1100 1910 habet
1114 1845 1152 1911 de
1170 1846 1292 1911 actibus

140 1958 172 2015 et
186 1949 328 2015 doctrine
350 1948 582 2035 Apostolorrnn,
605 1970 713 2014 omnes
736 1957 912 2035 sequentes,
936 1957 969 2014 et
988 1948 1129 2036 regulam
1152 1949 1293 2015 veritatis

140 2053 378 2117 inadultnratam
401 2052 561 2130 habentes,
585 2051 697 2117 salvari
720 2051 851 2137 possint.
897 2051 1001 2139 Igitur
1021 2053 1201 2118 testificatio
1223 2053 1292 2139 ejus

140 2179 221 2236 vera,
236 2165 270 2222 et
284 2156 425 2222 doctrina
439 2156 663 2242 Apostolorum
676 2153 843 2220 manifesta
856 2162 889 2220 et
903 2156 1003 2234 firma,
1023 2163 1055 2220 et
1073 2155 1151 2220 nihil
1169 2158 1292 2222 subtra-

140 2262 228 2338 hens,
255 2282 356 2348 neque
379 2260 440 2325 alia
463 2261 589 2347 quidem
612 2258 646 2324 in
667 2259 861 2338 abscondito,
884 2259 947 2325 alia
971 2281 1043 2326 vero
1069 2259 1102 2324 in
1126 2261 1292 2327 manifesto

141 2364 327 2430 docentium.

205 2471 235 2532 2.
292 2466 365 2533 Hoc
387 2464 472 2531 enim
494 2466 638 2531 fictorum
664 2471 698 2530 et
718 2486 811 2550 prave
830 2463 1044 2529 seducentium
1063 2472 1096 2530 et
1117 2464 1293 2552 hypocrita·

141 2595 210 2637 rum
224 2580 273 2637 est
287 2571 443 2650 molimen,
459 2569 719 2656 quemadmodum
733 2567 852 2633 iaciunt
865 2567 898 2631 hi
912 2565 966 2654 qui
988 2588 1009 2631 a
1025 2567 1193 2634 Valentino
1207 2579 1292 2638 sunt.

143 2674 188 2738 Hi
203 2675 287 2740 enim
301 2674 341 2738 ad
355 2673 587 2738 multitudinem
602 2679 729 2758 propter
745 2693 799 2736 cos
820 2669 872 2757 qui
895 2678 969 2734 sunt
985 2672 1026 2735 ab
1041 2671 1193 2751 Ecclesia,
1214 2696 1294 2761 quos

141 2779 339 2845 ¹communes
353 2778 402 2843 ¹et
420 2775 659 2842 Ecclesiasticos
677 2775 736 2863 ipsi
755 2774 873 2852 dicunt,
894 2774 1032 2840 inferunt
1050 2796 1218 2857 sermones,
1238 2800 1294 2865 per

189 2936 198 2968 ¹
216 2936 261 2986 Gr.
275 2937 302 2984 Τ.
320 2934 370 2984 and
382 2934 437 2999 Syr.
450 2935 591 2984 Notoroeue.
783 2930 794 2963 ⁶
809 2944 949 2991 mmmunce,
962 2932 1109 2990 καθολικούς,
1119 2931 1162 2981 the
1170 2932 1239 2980 word
1248 2932 1294 2982 Oo-

188 3017 200 3050 ¹
216 3018 347 3067 Dicentem
359 3016 484 3079 hyesdem
491 3023 562 3078 putet,
573 3014 633 3078 qum
643 3029 693 3063 non
740 3013 840 3062 ttoliceu
851 3018 896 3063 not
903 3017 946 3077 yet
952 3012 1048 3077 having
1058 3013 1120 3063 been
1126 3013 1206 3062 added
1217 3014 1294 3064 tothe

141 3101 175 3149 od
192 3100 293 3160 ΙΛιοαοι,
316 3099 358 3148 aed
375 3098 410 3147 od
427 3099 563 3148 Dominum
578 3097 690 3161 retem
741 3095 817 3143 Latin
824 3095 850 3143 in
857 3095 890 3143 its
902 3093 1074 3143 ecclesiastieal
1082 3110 1159 3145 sense.
1177 3094 1293 3145 Taurun-

142 3183 242 3233 Gnnen
277 3182 330 3232 But
351 3182 395 3231 the
416 3180 585 3229 construction
608 3179 630 3228 is
652 3178 693 3228 de·
740 3189 805 3226 man
821 3177 906 3226 makes
917 3193 962 3227 use
972 3178 1001 3226 os
1008 3178 1052 3227 the
1062 3176 1139 3238 word,
1152 3178 1236 3228 butin
1250 3179 1294 3228 the

140 3264 249 3329 pendent
273 3280 340 3328 upon
366 3264 502 3325 μαρτύριον,
531 3261 627 3324 though
649 3261 693 3310 the
740 3258 850 3307 eeneeot
861 3257 966 3320 poneret,
980 3258 1071 3320 proelio,
1084 3258 1129 3309 lto.
1165 3257 1205 3319 So,
1220 3275 1294 3322 quum

141 3346 275 3395 translator
290 3346 334 3394 hes
349 3344 424 3393 failed
436 3348 464 3393 ιο
477 3344 580 3392 observo
591 3343 619 3402 it,
636 3358 657 3392 e.
664 3357 690 3406 g.
740 3340 888 3391 cattolioce‘o
894 3340 1002 3390 modium
1011 3341 1170 3404 proferebant.
1189 3343 1292 3395 Prone.

141 3430 194 3478 cira
220 3429 257 3489 rot
280 3428 379 3488 'Anarta
401 3427 456 3490 περὶ
479 3427 553 3475 oneo
579 3425 692 3487 λέγοντος
740 3423 809 3472 lter.
823 3438 844 3471 c.
858 3433 933 3471 nvl.
962 3423 1189 3486 Thegoodnesscf
1202 3425 1293 3476 Godis

141 3513 195 3573 (τοῦ
210 3511 319 3573 Χριστοῦ
333 3509 377 3571 ec)
739 3504 857 3554 catholico
879 3511 899 3554 et
920 3519 1016 3553 semrom
1036 3505 1085 3554 tlte
1103 3506 1203 3557 tonum.
1234 3507 1292 3560 cde.

188 3608 265 3658 ’ἐν
258 3626 285 3658 ιιι
301 3625 369 3658 error
384 3609 423 3657 sor
440 3609 546 3669 ἐνώτιον,
565 3607 612 3657 but
635 3607 690 3671 Syr.
740 3586 821 3636 Mam·
834 3597 863 3636 ¹¹·
880 3598 917 3648 ¹7·
943 3586 1058 3636 1¹¹⁸¹¹¹⁰
1074 3589 1294 3642 0⁰¹¹0¹⁸¹¹¹0¹0¹¹¹¹

740 3668 904 3730 ofmpootc,
925 3683 983 3732 eg.
1004 3667 1292 3731 atcopermittetur..

138 3692 474 3794 mmmm·
739 3748 1291 3815 cottolioeficeitoec,aquoetcepoete.

186 3830 320 3893 ⁴ea'1peo
354 3832 434 3880 'lhese
455 3830 537 3878 words
553 3832 690 3894 represent·
739 3833 875 3893 dellens.
903 3833 992 3883 Hence
1003 3835 1046 3883 the
1057 3835 1125 3883 word
1140 3841 1185 3884 not
1199 3837 1293 3901 having

137 3913 184 3977 ing
200 3914 227 3961 ἐκ
242 3915 330 3962 τούτου
346 3912 400 3975 (τοῦ
414 3913 501 3976 χρόνον
514 3913 558 3975 ec.)
574 3928 639 3961 were
654 3911 692 3960 in·
739 3915 801 3963 been
823 3931 851 3964 aa
873 3920 917 3979 yet
938 3916 1047 3980 adopted
1068 3916 1103 3980 by
1124 3916 1167 3964 the
1192 3917 1292 3969 Ghnrch

137 3994 220 4044 serted
237 3995 373 4059 careleeely,
392 3996 435 4043 the
452 3994 582 4058 quotation
597 3992 691 4055 having
739 3997 811 4045 when
828 3996 872 4045 the
885 3996 1022 4044 translator
1039 4001 1125 4056 wrote,
1146 3997 1189 4045 the
1209 3997 1292 4049 Greek

136 4078 200 4126 been
211 4077 284 4127 made
295 4077 359 4125 from
370 4092 490 4140 memory.
524 4076 604 4123 There
619 4075 641 4123 is
658 4089 691 4122 no
738 4082 803 4125 term
820 4077 840 4124 is
855 4075 974 4124 rendered
989 4075 1025 4139 ιγ
1035 4090 1175 4127 communes.
1211 4078 1240 4126 1f
1253 4095 1289 4140 so,

136 4157 266 4222 authority
281 4157 310 4205 of
323 4173 373 4222 any
383 4156 445 4206 kind
455 4156 495 4205 tor
504 4157 548 4206 the
560 4155 691 4220 interpole-
739 4160 782 4208 the
804 4174 876 4207 name
894 4158 922 4206 ot
937 4157 1050 4206 Catholic
1071 4173 1130 4222 may
1148 4159 1212 4208 hnve
1230 4161 1292 4211 been

136 4240 200 4289 tion.
739 4240 838 4305 applied
848 4240 903 4288 first
917 4244 943 4287 to
957 4239 1000 4287 the
1011 4238 1110 4288 Ohurch
1123 4240 1153 4288 of
1161 4241 1245 4292 Christ
1258 4244 1293 4308 ιγ

186 4322 198 4354 ³
214 4321 326 4384 umenti.
361 4321 491 4370 Mesenen
504 4320 619 4369 observes
635 4320 692 4369 that
738 4323 782 4371 the
799 4321 904 4370 Gnostic
920 4325 1003 4385 party,
1024 4336 1051 4370 ee
1067 4337 1083 4369 a
1099 4327 1292 4388 contemptuoue

136 4405 181 4454 the
199 4405 336 4454 translator
354 4404 449 4452 follows
467 4404 511 4452 the
531 4402 614 4450 Greek
636 4416 692 4449 eon·
739 4409 803 4453 term
814 4403 853 4452 for
863 4403 1045 4452 ιιοοιτολλοι.

135 4486 204 4545 cord,
219 4487 263 4535 the
273 4486 333 4535 verb
345 4486 483 4534 ἀκολουθεῖν
496 4484 635 4548 governing
649 4482 692 4531 the
789 4485 800 4518 ⁷
816 4493 837 4533 et
853 4486 874 4534 is
890 4486 1000 4535 restored
1013 4492 1040 4536 to
1051 4488 1094 4537 the
1104 4492 1159 4539 text
1169 4489 1234 4539 from
1248 4492 1292 4541 the

135 4569 229 4620 dative.
741 4568 840 4616 Cunna.
861 4583 933 4632 copy,
949 4568 1064 4634 whereby
1081 4570 1255 4622 declamatione
1270 4573 1292 4620 is
