3000 4994
480 387 647 441 uusmca
671 388 905 442 Exeorueun.
1211 373 1277 438 341

126 545 232 603 autem
246 540 395 627 ungulam
410 540 574 627 duplicem,
598 550 631 607 et
651 542 720 629 ipsa
740 543 909 621 immunda,
932 541 1001 607 haec
1023 542 1047 607 J
1049 542 1208 607 udaeorum
1229 549 1279 607 est
1295 558 1434 643 nupsit

126 641 301 728 imaginalis
323 643 507 730 descriptio:
541 645 593 731 qui
621 645 747 731 quidem
773 646 896 731 eloquia
922 645 984 711 Dei
1010 645 1043 710 in
1072 667 1125 710 ore
1150 645 1277 724 habent,
1302 631 1387 738 Ἓξ·
1396 650 1441 737 pll-

129 743 352 811 ¹stabilitatem
367 757 473 811 autem
488 747 602 812 radicis
615 769 681 812 suae
696 770 759 813 non
774 748 909 835 infigunt
923 748 956 812 in
973 749 1069 814 Patre
1084 756 1116 813 et
1132 747 1165 812 in
1179 748 1276 814 Filio:
1295 743 1440 828 —nus-
1476 742 1480 749 ⁴

126 857 252 933 propter
266 848 326 913 hoc
339 857 445 913 autem
463 857 496 914 et
516 848 667 915 lubricum
682 858 731 915 est
744 872 844 938 genus
865 850 1013 936 ipsorum.
1059 850 1188 916 Etenim
1209 873 1279 937 quae

126 960 201 1015 sunt
214 950 306 1015 unius
320 950 444 1038 ungulae
458 950 606 1015 animalia
627 951 716 1017 facile
734 952 900 1028 labuntur;
924 951 1062 1018 firmiora
1083 961 1189 1017 autem
1204 961 1280 1017 sunt

128 1075 197 1138 quae
223 1054 378 1138 duplicem
404 1053 553 1139 ungulam
582 1054 708 1133 habent,
734 1056 972 1121 succedentibus
997 1055 1128 1121 invicem
1155 1055 1279 1142 ungulis

127 1155 209 1220 fissis
223 1156 394 1221 secundum
406 1156 476 1235 iter,
489 1164 521 1221 et
536 1157 635 1221 altera
646 1157 762 1244 ungula
772 1158 1005 1244 2subbajulante
1015 1157 1120 1222 eham.
1139 1159 1279 1222 Immun-

128 1259 168 1323 da
188 1267 295 1323 autem
319 1258 472 1338 similiter,
493 1281 563 1344 quae
584 1259 740 1344 duplicem
759 1260 884 1347 quidem
899 1260 1048 1346 ungirlam
1065 1260 1193 1340 habent,
1216 1283 1279 1326 non

127 1368 232 1426 autem
248 1361 423 1427 ruminant:
446 1361 515 1426 hoec
537 1366 603 1427 ³est
625 1370 731 1426 autem
751 1362 889 1428 omnium
905 1361 1047 1428 videlicet
1061 1363 1279 1429 baereticorum

128 1465 273 1542 ostensio,
295 1473 327 1530 et
345 1486 452 1530 eorum
474 1465 528 1551 qui
550 1488 613 1531 non
631 1465 822 1530 meditantur
841 1466 963 1550 eloquia
978 1466 1050 1545 Dei,
1066 1488 1166 1553 neque
1181 1467 1280 1553 operi·

127 1569 185 1633 bus
195 1567 328 1653 justitiae
342 1568 541 1647 adornantur,
557 1569 669 1653 quibus
684 1577 716 1634 et
732 1568 886 1634 Dominus
900 1569 963 1634 ait:
991 1569 1076 1649 Quid
1087 1571 1164 1635 miti
1175 1570 1281 1635 dicitu
1293 1586 1342 1627 Luc·
1352 1587 1379 1626 a
1389 1589 1418 1626 «¹»

128 1670 412 1748 DomineDomine,
431 1680 460 1734 et
482 1692 542 1735 non
556 1671 670 1756 scottis
692 1693 761 1758 queo
781 1672 847 1736 dico
870 1670 975 1736 nobis?
1020 1672 1083 1754 Qui
1101 1673 1185 1737 enim
1206 1682 1281 1739 sunt

128 1774 215 1851 tales,
236 1773 268 1837 in
288 1774 416 1838 Patrem
438 1774 563 1859 quidem
581 1782 615 1838 et
642 1774 759 1838 Filium
783 1774 890 1839 dicunt
911 1796 946 1839 se
968 1776 1103 1853 credere,
1119 1797 1281 1862 nunquam

27 1900 55 1938 o.
65 1900 108 1938 ιιι.
128 1885 232 1940 autem
261 1875 452 1940 meditantur
476 1875 599 1960 eloquia
625 1876 697 1954 Dei,
728 1876 989 1962 quemadmodum
1018 1885 1151 1962 oportet,
1181 1901 1281 1964 neque

125 1977 257 2064 justitiae
287 1977 431 2063 operibus
457 1987 531 2043 sunt
555 1978 719 2053 adornati;
751 1978 818 2057 sed,
850 1979 1110 2064 quemadmodum
1136 1981 1281 2066 praedixi·

129 2104 209 2160 mus,
225 2103 389 2168 porcorum
407 2089 440 2147 et
455 2103 567 2146 canum
581 2090 796 2147 assumserunt
810 2082 916 2160 vitam,
932 2082 1136 2148 immunditiae
1152 2093 1184 2150 et
1198 2083 1281 2171 gulae

130 2193 162 2250 et
176 2185 302 2270 reliquae
317 2183 443 2250 incuriae
455 2186 640 2271 semetipsos
651 2187 819 2251 tradentes.
858 2186 881 2250 J
884 2195 954 2251 uste
965 2187 1061 2273 igitur
1072 2188 1150 2252 tales
1162 2210 1280 2268 omues,

129 2289 182 2374 qui
205 2297 332 2375 propter
362 2310 450 2353 suam
481 2288 728 2354 incredulitatem
750 2298 783 2354 et
806 2288 960 2353 luxuriam
983 2311 1045 2354 non
1067 2289 1282 2376 adipiscuntur

129 2391 266 2455 divinum
290 2390 450 2477 Spiritum,
474 2398 507 2456 et
530 2390 623 2455 variis
646 2390 877 2456 characteribus
896 2391 1025 2475 ejiciunt
1045 2414 1080 2457 se
1103 2391 1281 2458 ⁴vivificans

131 2494 282 2572 Verbum,
299 2503 330 2558 et
344 2495 377 2557 in
392 2494 458 2558 suis
472 2494 733 2578 concupiscentiis
747 2492 998 2558 irrationabiliter
1008 2493 1180 2572 ambulant,
1193 2494 1281 2580 Apo·

128 2598 227 2663 stolus
255 2599 380 2682 quidem
404 2597 544 2662 carnales
571 2605 605 2662 et
632 2597 781 2662 scintulos
815 2595 953 2672 vocavit;
986 2596 1144 2683 prophetae
1175 2605 1281 2662 autem
1293 2612 1426 2710 {toppliipqt

126 2703 268 2788 jumenta
282 2710 314 2767 et
329 2703 410 2766 feras
424 2700 589 2776 dixerunt3
613 2700 804 2766 cousuetudo
827 2708 932 2764 autem
947 2721 1059 2784 pecora
1073 2706 1105 2764 et
1120 2699 1280 2766 urationa·
1417 2687 1422 2698 ¹

130 2805 174 2871 les
189 2805 391 2892 interpretata
405 2813 473 2880 est;
497 2805 547 2870 lex
563 2813 667 2869 autem
684 2803 861 2868 immundos
875 2802 1058 2869 enuntiavit.

611 3068 712 3134 GAP.
737 3069 801 3133 lX.

132 3217 318 3307 Quomodo
345 3215 597 3314 entellipendus
623 3215 669 3290 sit
697 3216 794 3291 locus
822 3215 999 3315 Apostoli,
1030 3243 1098 3316 quo
1124 3217 1285 3293 baeretici

204 3333 463 3408 abutebantur:
491 3332 588 3407 Caro
606 3344 637 3406 et
655 3331 805 3430 sanquis
830 3334 1000 3432 Repetunt
1017 3332 1094 3408 Dei
1109 3361 1181 3409 non
1198 3361 1283 3434 pos·

204 3449 379 3525 sidebant.

131 3618 159 3680 l.
206 3617 280 3680 Hoc
295 3624 401 3681 antem
416 3624 464 3680 est
479 3615 561 3703 quod
576 3615 655 3680 etin
668 3614 738 3679 aliis
753 3615 793 3678 ab
810 3614 964 3701 Apostolo
978 3614 1105 3679 dicitur:
1133 3614 1283 3693 Quoniam
1295 3644 1359 3682 reor.
1369 3644 1443 3682 een.

129 3742 200 3784 caro
214 3729 242 3785 ot
255 3722 379 3806 sanquis
393 3721 531 3806 Raptum
546 3719 609 3784 Dei
623 3719 808 3783 hereditare
821 3727 1024 3804 conpescunt.
1070 3717 1109 3781 ld
1124 3726 1183 3794 est,
1199 3718 1282 3803 quod

128 3824 168 3887 ab
188 3823 353 3888 lomnibus
376 3822 531 3888 haereticis
549 3822 704 3909 profertur
725 3821 757 3884 in
779 3821 949 3886 amentiam
968 3841 1068 3897 suam,
1086 3822 1144 3883 ⁰ere
1165 3841 1227 3906 quo
1248 3826 1281 3884 et

177 4017 186 4048 ¹
204 4017 305 4067 Gnassu.
317 4017 450 4066 stabilitate.
730 4016 772 4063 the
783 4014 909 4077 suspicion
920 4013 977 4061 that
984 4013 1034 4061 this
1046 4013 1090 4061 has
1098 4011 1211 4076 replaced
1222 4010 1282 4060 uici·

177 4096 256 4147 ’The
267 4105 409 4162 agreement
418 4100 446 4147 ol
455 4097 680 4161 MSS.inreading
724 4095 824 4157 ficumie
846 4095 906 4142 with
930 4093 1005 4154 Venti,
1027 4095 1167 4157 auswering
1188 4098 1215 4142 to
1238 4093 1281 4142 the

127 4178 288 4240 uooajutane,
313 4179 420 4242 justifies
446 4178 489 4227 the
512 4178 630 4242 adoption
654 4178 683 4227 of
730 4174 813 4224 Greek
824 4175 907 4233 aliem,
922 4175 962 4222 xul
977 4175 1093 4224 ποικίλοις
1107 4176 1179 4223 εἴδεσι
1193 4175 1280 4237 ἐκβάλ-

129 4257 245 4307 Gnana's
262 4259 433 4319 emendation3
450 4260 481 4308 al.
497 4259 638 4321 sutbajulm.
730 4260 812 4305 λουσιν
823 4258 920 4305 ἑαυτοὺς
931 4257 975 4304 τοῦ
986 4258 1154 4315 ζωοποιοῦντος
1165 4258 1248 4318 λόγου.

176 4339 256 4389 ³The
278 4342 378 4392 Chasa.
404 4342 478 4390 omits
507 4347 545 4399 est,
569 4356 593 4404 q.
617 4339 681 4400 αὕτη
779 4337 1014 4387 1ΑΒ.Ιιοιιιι“ιοι“1>ιιο.

128 4421 154 4468 δὲ
166 4423 262 4470 πάντων
271 4424 352 4482 μέντοι
364 4425 487 4485 οἱριτικῶν
498 4424 598 4481 ἔνδειξις.
780 4416 845 4467 6Ιίεο
861 4419 1099 4480 qw....ostendm,
1125 4425 1220 4484 septem
1237 4420 1282 4469 has

177 4500 335 4563 ‘cim'ficam
381 4504 433 4552 The
457 4502 567 4562 Cusum,
588 4500 678 4562 Voss,
731 4514 811 4559 voces,
828 4499 959 4564 expunctis
976 4506 997 4548 et
1013 4515 1072 4563 qteoe,
1092 4500 1203 4550 restituit
1214 4499 1280 4550 Fun.

129 4581 195 4633 Ver.
210 4584 288 4634 Oodd.
304 4584 398 4649 having
408 4584 560 4646 οίυιζίῑοοιιιοι,
578 4582 681 4632 induces
731 4580 821 4630 Nostri
848 4597 946 4646 quoque
974 4581 1045 4631 codd.
1075 4581 1115 4631 hic
1146 4597 1195 4632 non
1223 4586 1283 4632 suut
