3000 4994
592 376 633 428 nv
660 375 799 429 aurun.
1213 361 1280 426 343

127 524 210 603 talis,
225 545 288 589 non
303 525 370 610 jam
385 523 550 604 carnalem,
573 528 630 592 sed
652 527 834 612 spiritalem,
849 532 977 614 propter
992 527 1128 615 Spiritus
1142 550 1279 595 commu·
1322 549 1376 590 mn.
1384 550 1411 591 v.

128 626 264 692 nionem.
309 627 361 693 Sic
384 628 480 715 igitur
504 629 661 716 Martyres
681 638 845 709 testantur,
866 638 899 695 et
919 638 1122 726 contemnunt
1136 640 1279 711 mortem,
1307 598 1428 729 pff&

129 749 193 793 non
218 730 389 794 secundum
403 731 616 795 infirmitatem
631 732 743 810 carnis,
765 733 820 797 sed
835 733 1007 798 secundum
1022 734 1105 817 quod
1118 741 1282 819 promptus
1304 737 1444 817 22²2-

130 839 179 896 est
195 831 340 916 Spiritus.
386 832 558 898 Infirmitaa
571 834 655 899 enim
675 834 778 899 carnis
798 836 956 920 absorpta,
973 844 1132 920 potentem
1147 836 1284 901 ostendit

132 933 301 1019 Spiritum
327 933 461 1019 Spiritus
483 943 589 1000 autem
606 958 713 1001 rursus
734 937 904 1002 absorbens
923 936 1149 1018 infirmitatem,
1171 936 1284 1005 ¹haere

131 1037 230 1102 ditate
251 1036 391 1120 possidet
411 1059 536 1103 carnem
557 1039 591 1103 in
610 1061 663 1105 ae:
691 1047 724 1105 et
747 1062 787 1105 ex
808 1041 949 1128 utrisque
974 1041 1077 1106 iactus
1105 1050 1155 1107 est
1179 1042 1285 1108 vivens

131 1139 244 1213 homo;
276 1139 382 1204 vivens
410 1140 536 1224 quidem
564 1150 691 1227 propter
713 1142 984 1229 participationem
1014 1143 1159 1230 Spiritus,
1191 1144 1285 1210 homo

132 1251 237 1308 autem
252 1252 377 1330 propter
396 1244 602 1310 substantiam
625 1246 737 1312 carnis.
775 1246 877 1333 Igitur
900 1267 973 1312 caro
994 1247 1062 1312 sine
1086 1247 1205 1332 Spiritu
1224 1247 1286 1313 Dei

133 1356 257 1411 mortua
276 1355 325 1412 est
346 1368 409 1411 non
430 1347 550 1414 habens
564 1349 670 1428 vitam,
693 1371 824 1437 regnum
840 1349 901 1414 Dei
912 1350 1070 1434 possidere
1084 1372 1147 1414 non
1162 1359 1284 1434 potest:

134 1449 262 1536 sanguis
284 1450 478 1530 irrationalis,
494 1451 577 1517 velut
591 1473 672 1538 aqua
686 1453 783 1518 effusa
804 1452 837 1516 in
858 1460 984 1519 terram.
1029 1452 1073 1517 Et
1088 1462 1213 1539 propter
1227 1453 1287 1519 hoc

34 1574 121 1615 uraca
136 1552 199 1617 ait:
229 1552 337 1633 Qualia
359 1563 503 1633 terrenus,
527 1554 602 1620 talos
624 1556 749 1622 terreni.
794 1555 861 1620 Ubi
880 1563 987 1620 autem
1008 1555 1143 1641 Spiritus
1170 1557 1449 1635 Patris,1cor.n.4a

136 1657 179 1722 ibi
194 1657 288 1721 homo
303 1656 418 1736 vivens,
436 1658 563 1744 sanguis
577 1658 736 1724 rationalis
757 1658 798 1722 ad
819 1659 968 1723 ultionem
982 1680 1002 1723 a
1018 1659 1088 1723 Deo
1103 1658 1287 1738 custoditus,

136 1782 208 1825 caro
225 1782 246 1825 a
261 1760 379 1846 Spiritu
394 1782 537 1846 possessa
556 1761 652 1826 oblita
673 1762 798 1849 quidem
819 1762 878 1840 sui,
901 1761 1082 1848 quatitatem
1097 1768 1203 1826 autem
1219 1761 1288 1849 Spi-

136 1867 215 1932 ritus
237 1888 409 1945 assumens,
433 1867 600 1933 conformis
621 1868 705 1933 iacta
726 1866 834 1933 Verbo
855 1867 927 1932 Dei.
973 1865 1019 1929 Et
1041 1873 1204 1951 propterea
1224 1865 1287 1931 ait:

34 1986 112 2026 αειο
136 1971 224 2034 Sicut
243 1971 438 2054 portavimus
462 1971 627 2056 imayiocm
646 1970 710 2057 ejas
731 1971 803 2058 2ηοῖ
831 1970 869 2035 dc
893 1980 980 2034 terra
1005 1977 1058 2049 cst,
1080 1977 1237 2055 portemus
1262 1977 1450 2034 οιιοοωεεο

137 2072 301 2158 ῖοναρῖηοεη
316 2071 380 2155 ejus
392 2073 447 2158 qai
461 2073 498 2137 dc
512 2073 582 2138 coelo
596 2083 647 2139 cot.

202 2176 233 2239 3.
272 2173 355 2256 Quid
376 2182 425 2239 est
446 2197 520 2262 ergo
541 2177 718 2241 terrenum!
751 2176 889 2241 Plaema.
927 2173 1009 2257 Quid
1024 2181 1130 2239 antem
1144 2173 1291 2239 coelestei

140 2276 285 2362 Spiritus.
330 2277 420 2342 Sicut
435 2277 540 2365 igitur,
562 2278 617 2357 ait,
637 2279 704 2344 sine
727 2278 845 2365 Spiritu
860 2279 980 2344 coelesti
996 2276 1168 2343 conversati
1183 2297 1292 2342 sumus

136 2379 303 2466 aliquando
318 2379 350 2443 in
364 2388 520 2447 vetustate
535 2381 647 2461 carnis,
662 2404 725 2446 non
745 2381 926 2446 obedientes
941 2379 1028 2444 Deo:
1052 2379 1098 2443 sic
1113 2399 1195 2443 nunc
1210 2378 1291 2443 acci·

138 2481 260 2569 pientes
286 2481 446 2570 Spiritum,
470 2483 504 2547 in
524 2483 662 2549 novitate
685 2482 757 2548 vitae
781 2481 985 2561 ambulemus,
1008 2481 1189 2546 obedientes
1210 2480 1291 2546 Deo.

140 2666 259 2737 3Ἐοεεῖ
286 2664 359 2737 ἄνευ
379 2664 575 2749 Πνεῦματος
600 2667 688 2737 Θεοῦ
718 2671 860 2749 σωθῆναι
888 2667 925 2737 οῦ
949 2662 1119 2750 δυνάμεθα,
1146 2694 1291 2765 τροτρε-
1302 2706 1403 2792 ἔξω

1259 2786 1275 2802 Α
1317 2780 1322 2790 .
1352 2763 1427 2792 arnna

142 2781 283 2862 τόμενος
308 2781 390 2861 ἡμᾶς
413 2782 430 2849 ὁ
453 2779 659 2865 ἀπόστολος,
687 2777 739 2851 διὰ
763 2787 820 2862 τῖης
852 2778 994 2855 τῖστεως
1020 2777 1075 2849 καῖ
1104 2785 1162 2860 τῦς
1190 2782 1448 2884 ἁγνηςῗρρριρέὁ.

1304 2891 1414 2930 snare

142 2892 360 2991 ἀναστροφῆς
384 2901 554 2992 συντηρεῖν
576 2891 619 2963 τῦ
641 2892 777 2976 Πνεῦμα
803 2898 865 2964 τοῦ
884 2892 978 2975 Θεοῦ,
1003 2891 1055 2962 ’ἵνα
1084 2890 1128 2975 μὴ
1158 2888 1443 3029 ἅμοεροεξμψη

142 3010 204 3076 τοῦ
217 3006 304 3076 θεῖον
322 3003 541 3088 4Πνεῦματος
552 3006 719 3097 γενόμενοι
733 3005 953 3101 ἆτοτῦχωμεν
965 3011 1022 3087 τῦς
1034 3002 1211 3092 βασιλείας
1226 3007 1293 3076 τῶν

144 3118 294 3217 οῦρανῦν,
315 3117 439 3204 ἐβόησε
464 3117 507 3200 μὴ
540 3115 694 3189 δύνασθαι
722 3119 782 3201 τὴν
812 3115 921 3218 σάρκα
947 3119 1018 3188 καθ’
1046 3115 1162 3199 ἔαυτῖην
1186 3118 1220 3188 ἐν
1243 3119 1293 3208 τηῦ

144 3232 259 3314 αῖματι
291 3229 470 3317 βασιλείαν
494 3236 737 3330 κληρονομῆσαι
765 3231 861 3301 Θεοῦ.
919 3229 968 3301 Ei
987 3227 1055 3330 γὰρ
1084 3228 1132 3301 δεῖ
1151 3227 1295 3314 τᾶληθῖς

144 3345 254 3427 εἰπεῖν,
273 3343 310 3413 οῦ
325 3349 529 3442 κληρονομεῖ,
548 3341 639 3413 ἆλλῦ
658 3352 909 3444 κληρονομεῖται
930 3347 947 3425 ἡ
966 3339 1066 3442 σάρξ.

146 3550 300 3631 Quoniam
315 3549 410 3636 igitur
424 3550 492 3615 sine
508 3549 627 3635 Spiritu
642 3549 703 3614 Dei
718 3549 829 3615 salvari
845 3571 907 3615 uon
922 3571 1097 3634 possumus,
1112 3548 1296 3614 adhortatur

146 3652 319 3738 Apostolus
341 3659 427 3727 ⁶nos,
452 3675 507 3738 per
529 3653 623 3718 fidem
646 3661 679 3718 ct
699 3661 819 3718 castam
836 3653 1101 3718 conversationem
1116 3672 1297 3716 conservare

147 3754 296 3840 Spiritum
310 3755 381 3833 Dei,
393 3764 429 3820 ut
444 3778 506 3820 non
520 3755 587 3820 sine
602 3756 837 3842 participatione
852 3755 951 3820 sancti
968 3755 1102 3840 Spiritus
1116 3753 1191 3819 iacti
1206 3753 1297 3818 amit-

145 3865 249 3922 tamus
267 3880 397 3945 regnum
413 3859 578 3924 coelorum:
603 3867 635 3924 et
650 3858 804 3935 clamavit,
827 3880 890 3922 non
906 3879 997 3943 posse
1012 3877 1137 3921 carnem
1151 3856 1250 3920 solam
1264 3863 1297 3921 et

145 3961 329 4046 sanguinem
344 3983 474 4049 regnum
489 3961 550 4026 Dei
565 3961 731 4047 possidere.
779 3960 813 4024 Si
829 3959 911 4024 enim
926 3967 1048 4044 oportet
1062 3980 1168 4023 verum
1183 3956 1295 4037 dicere,

146 4083 208 4126 non
222 4063 369 4148 possidet,
394 4064 449 4130 sed
471 4065 646 4150 possidetur
666 4085 757 4138 caro;
781 4063 863 4128 sicut
888 4070 921 4126 et
943 4060 1098 4125 Dominus
1117 4059 1180 4125 ait:
1203 4059 1297 4126 Beati
1307 4090 1395 4131 κιαι.
1404 4089 1423 4127 ο.

196 4239 206 4272 ¹
227 4243 404 4305 ἐκληρονόμησε
423 4246 455 4295 εἰς
472 4242 696 4306 ἑαντὸτὴνσαρκά
747 4243 854 4294 Joaancs
879 4241 1046 4290 Damascena
1070 4240 1099 4288 ia
1121 4240 1262 4302 Parallclr‘a,
1287 4257 1299 4291 c

198 4321 382 4386 ’quidetemu
394 4327 543 4386 cvt,aliteral
552 4325 699 4375 translation
747 4341 848 4389 quorum
870 4325 926 4373 MS.
951 4322 1038 4372 Codice
1061 4323 1249 4372 Oloromoutaao
1270 4338 1299 4372 σα

149 4423 405 4489 &mmmmm
423 4394 518 4486 hm
539 4411 618 4504 ἐς),
641 4423 699 4470 001
744 4404 1043 4470 putrescentium
1060 4404 1215 4455 varmei,
1247 4405 1296 4456 ca.

150 4504 194 4552 Gr,
207 4509 250 4554 τοῦ
261 4511 352 4568 xct'rot.
796 4487 808 4519 ⁴
825 4487 898 4546 Bae„
913 4486 958 4535 but
966 4485 1038 4535 Dan.
1046 4488 1091 4535 τοῦ
1101 4486 1298 4548 Θεοῦγενόμσοι.

199 4583 384 4638 ”sacrm
396 4590 479 4640 ema
490 4589 576 4638 rama
587 4587 701 4652 νιηαα
797 4569 807 4600 ⁶
824 4584 866 4618 τοι
878 4584 932 4632 ετ,
946 4568 990 4618 Cn·
1003 4568 1087 4620 ναί.
