3000 4994
464 395 724 448 rnmnrcnrun
747 395 857 449 onus.
1206 382 1249 447 69

97 545 254 624 fecissent,
284 569 348 612 non
376 554 574 635 paterentur:
597 549 654 615 sed
682 549 829 634 quoniam
852 550 1008 616 contraria
1031 548 1081 614 his
1107 550 1160 634 qui
1186 571 1249 614 non
1280 570 1384 657 impp.

53 678 78 717 n
97 650 310 715 assentiebant
325 651 446 716 veritati
461 652 682 738 praedicabant,
698 652 769 717 ideo
778 660 810 717 et
824 652 908 737 passi
920 660 1005 718 sunt.
1044 652 1249 717 Manifestum
1266 627 1406 748 ffilhss}

97 762 147 818 est
167 776 251 841 ergo,
275 755 420 839 quoniam
439 777 502 819 non
523 755 778 840 derelinquebant
795 756 969 833 veritatem,
990 757 1047 821 sed
1069 778 1140 821 cum
1164 756 1248 820 omni
1262 756 1412 842 Q-

97 857 211 921 fiducia
233 857 357 922 Judaeis
378 866 411 923 et
433 858 554 924 Graecis
575 858 807 945 praedicabant3
832 859 856 923 J
859 860 956 923 udaeis
978 860 1112 944 quidem,
1135 858 1249 924 Jesum

98 983 169 1026 eum
185 961 237 1046 qui
252 963 293 1026 ab
311 961 387 1047 ipsis
402 962 569 1026 crucifixus
583 969 715 1027 estesse
733 962 850 1026 Filium
867 963 938 1041 Dei,
958 963 1097 1048 judicem
1111 962 1249 1026 vivorum

98 1072 132 1128 et
160 1072 362 1142 mortuorum,
387 1086 407 1129 a
432 1065 528 1130 Patre
551 1065 709 1151 accepisse
737 1073 890 1128 aeternum
918 1085 1049 1150 regnum
1079 1063 1111 1127 in
1140 1063 1248 1142 lsrael,

98 1166 356 1250 quemadmodum
376 1166 586 1242 ostendimus;
613 1166 733 1232 Graecia
748 1188 820 1231 vero
839 1188 936 1230 unum
957 1166 1061 1230 Deum
1077 1165 1130 1251 qui
1145 1167 1250 1231 omnia

97 1268 181 1346 fecit,
197 1277 230 1334 et
243 1269 336 1354 hujus
352 1269 469 1334 Filium
484 1269 505 1334 J
509 1292 596 1334 esum
612 1269 771 1335 Christum
786 1269 1018 1335 annuntiantes.

167 1375 217 1442 17.
263 1373 466 1438 Manifestius
489 1382 595 1438 autem
609 1373 669 1438 hoo
684 1373 860 1438 ostenditur
873 1395 913 1437 ex
929 1372 1152 1459 Apostolorum
1173 1372 1249 1458 Epi-

98 1474 189 1552 stola,
202 1497 295 1560 quam
310 1498 412 1561 neque
421 1476 445 1540 J
447 1477 555 1554 udaeis,
565 1498 666 1561 neque
676 1475 806 1553 Graecis,
822 1475 880 1539 sed
894 1475 970 1562 ipsis
985 1475 1090 1560 quiex
1103 1475 1250 1563 gentibus

99 1578 132 1642 in
162 1578 321 1643 (lhristum
348 1578 526 1657 credebant,
556 1579 775 1643 confirmantes
800 1577 894 1642 fidem
918 1578 1065 1663 ipsorum,
1089 1578 1249 1644 miserunt.

100 1681 181 1746 (lum
195 1682 278 1746 enim
299 1682 533 1748 descendissent
548 1682 675 1767 quidam
694 1704 715 1747 a
734 1680 758 1745 J
760 1682 850 1746 udaea
865 1680 897 1744 in
912 1680 1125 1758 Antiochiam,
1141 1680 1173 1744 in
1188 1703 1250 1766 qua

99 1794 133 1848 et
154 1783 286 1869 primum
309 1785 447 1849 omnium
464 1784 606 1871 discipuli
627 1783 756 1848 Domini
781 1804 837 1867 pro
858 1783 929 1860 fide,
957 1805 1050 1867 quam
1075 1783 1108 1846 in
1124 1782 1250 1849 Christo

98 1887 265 1966 habebant,
280 1889 382 1954 vocati
396 1898 471 1953 sunt
487 1887 666 1965 Christiani,
682 1897 715 1952 et
729 1887 895 1951 suaderent
916 1885 962 1951 eis
984 1885 1036 1971 qui
1055 1885 1251 1951 crediderant

100 1990 133 2054 in
149 1990 320 2055 Dominum
334 1991 523 2069 circumcidi,
544 2000 577 2057 et
592 1991 711 2075 reliqua
725 1990 896 2055 secuudum
911 1988 990 2075 legis
1004 1988 1250 2054 observationem

99 2094 266 2179 perlicere;
290 2104 323 2159 et
340 2095 554 2159 ascendissent
575 2093 694 2158 Paulus
710 2103 743 2158 et
763 2092 925 2158 Barnabas
944 2090 1196 2177 Hierosolymam
1209 2092 1250 2156 ad

98 2196 215 2261 alteros
234 2197 406 2282 Apostolos
426 2207 552 2284 propter
569 2195 650 2262 hanc
669 2196 882 2283 quaestionem,
898 2203 931 2259 et
951 2193 1093 2259 universa
1109 2193 1251 2259 Ecclesia

99 2298 294 2363 convenisset
316 2299 349 2362 in
371 2321 478 2377 unum,
499 2300 615 2365 Petrus
637 2299 718 2363 dixit
740 2299 804 2364 eis:
840 2299 912 2363 Viri
931 2300 1062 2382 fratrea,
1092 2320 1142 2362 om
1169 2298 1251 2361 scitis
1264 2319 1354 2408 pann.

99 2402 284 2487 quoniame
307 2400 412 2466 dietus
436 2403 573 2488 antiquis
596 2403 646 2466 ¹irt
669 2401 749 2466 rodis
773 2402 858 2465 Deae
882 2401 979 2486 clepit,
1002 2412 1036 2465 at
1059 2422 1096 2464 ee
1118 2422 1169 2465 ore
1189 2422 1252 2464 meo
1324 2389 1330 2401 ’

99 2504 247 2570 audirent
256 2517 357 2590 peotes
371 2505 493 2570 verdum
507 2506 682 2592 Eneapelr'i,
698 2515 727 2570 et
739 2506 910 2569 'crederents
934 2513 962 2568 et
985 2503 1085 2567 cordia
1104 2505 1253 2588 inspector

99 2609 187 2672 Deua
201 2610 400 2673 testimenium
407 2609 567 2695 perhibuit
581 2612 632 2687 eie,
646 2610 726 2673 daras
740 2610 783 2674 eie
797 2609 954 2694 Spiritum
968 2617 1116 2683 sanctam,
1130 2608 1210 2670 nont
1225 2616 1254 2671 et

99 2709 193 2788 noth,
209 2720 238 2776 et
250 2711 333 2776 nihil
345 2713 489 2777 decerit
503 2713 649 2778 internos
663 2722 691 2777 et
705 2713 792 2797 ipeoa
805 2709 973 2776 emundans
979 2731 1042 2794 per
1045 2709 1144 2790 sidem
1158 2708 1253 2772 cordo

99 2813 235 2880 illarum.
279 2816 374 2880 Nunc
388 2817 485 2901 ipitur
505 2817 582 2903 quid
597 2817 719 2881 tentatie
737 2816 846 2893 Deum,
869 2815 1020 2900 imponere
1031 2812 1143 2899 jupam
1163 2834 1253 2897 cuper

99 2919 246 2982 cervicem
260 2920 488 3005 discipulorum,
503 2919 585 3006 quod
597 2929 803 3007 oequeputree
811 2920 917 2997 austri,
926 2941 1020 3005 neque
1034 2940 1086 2982 noe
1099 2917 1254 2982 coluimus

91 3022 247 3108 pertore?
292 3022 356 3087 Sed
364 3045 426 3108 per
444 3025 583 3108 pretium
597 3024 725 3088 Domini
742 3023 852 3087 'poetri
872 3022 949 3087 Jeeu
968 3021 1083 3086 Christi
1102 3021 1254 3086 credimus

97 3143 153 3186 aon
160 3146 246 3210 posse
259 3125 388 3200 sulcari,
403 3125 545 3211 quomodo
560 3133 587 3189 et
602 3125 641 3189 ill
646 3125 662 3189 ‘.
708 3125 787 3189 Post
802 3144 893 3209 quem
908 3122 932 3186 J
933 3124 1049 3188 acubus
1063 3122 1157 3186 dixit:
1181 3122 1253 3187 Viri
1266 3145 1357 3229 pff.

89 3225 225 3309 fratrer,
242 3227 348 3290 Sincera
362 3228 476 3305 retulit,
492 3228 741 3314 quemadmodum
755 3227 861 3291 ³Deur
874 3226 1053 3311 accepitcoe't
1065 3227 1202 3312 (κοίρανε
1217 3248 1254 3290 en
1338 3216 1344 3228 ’

95 3327 236 3413 pentibus
250 3329 529 3414 peprulnm‘oomini
542 3350 605 3394 suo.
640 3329 702 3393 ‘Et
714 3330 759 3393 eie
773 3328 953 3392 conueniunt
965 3349 1111 3393 sernronea
1121 3328 1252 3414 prople-

98 3439 215 3506 tarum‚
233 3432 312 3494 sicut
324 3431 468 3516 seriptum
485 3441 544 3495 eet:
567 3432 642 3495 Post
658 3431 722 3495 trec
743 3441 891 3506 revertor,
904 3439 932 3494 et
946 3429 1134 3512 reaedificabo
1154 3429 1249 3494 tader·
1266 3452 1332 3536 lapocr·
1338 3450 1368 3490 rr.
1376 3449 1407 3499 11,

98 3532 245 3596 naculum
259 3533 371 3597 Dauid
380 3533 461 3618 quod
473 3533 592 3610 cecidit,
608 3543 636 3597 et
650 3532 822 3598 disturbata
838 3532 901 3615 ey'ere
913 3531 1078 3613 edificabo,
1094 3541 1122 3596 et
1136 3533 1253 3617 eripum
1289 3524 1295 3536 ’

97 3632 192 3710 illud,
207 3635 428 3721 utirequiraret
442 3636 553 3721 reliqui
567 3635 720 3699 moinum
735 3636 913 3710 Dorticum,
930 3644 958 3699 et
975 3656 1073 3698 ornnes
1089 3645 1201 3720 pentec,
1219 3636 1254 3698 ire

99 3733 209 3822 quibus
222 3737 392 3802 ineoeutrua
407 3748 450 3803 eet
463 3760 568 3803 noma
582 3760 680 3802 orcum
693 3760 782 3824 super
797 3759 852 3815 eos,
868 3737 945 3802 dicit
959 3737 1118 3815 Dominus,
1129 3737 1255 3820 faciens

151 3905 160 3938 ¹
177 3908 206 3956 ia
223 3907 293 3957 notia
322 3910 360 3957 Aa
372 3909 467 3958 Gaaar
477 3911 596 3971 remarks,
611 3911 654 3959 the
752 3908 764 3941 ⁸
780 3910 832 3958 The
840 3911 925 3958 Am.
936 3908 1055 3958 MS.als0
1067 3908 1141 3957 omits
1152 3908 1253 3969 πρῶτον.

98 3992 186 4040 Am.
199 3991 258 4041 MS.
272 3991 316 4040 has
329 3993 382 4051 ὑμῖν
392 3993 418 4040 in
430 3993 479 4041 lieu
490 3993 519 4041 of
527 3994 569 4042 the
586 4009 655 4042 more
704 3990 757 4039 The
769 3990 855 4054 Syriae
866 3989 990 4038 embodies
998 3991 1092 4051 πρῶτον
1100 3990 1257 4050 ἐπεσκέψατο

98 4072 173 4121 usual
195 4072 257 4133 ἡμῖν,
280 4074 361 4122 which
378 4074 400 4121 lB
419 4074 471 4122 8180
489 4074 548 4122 read
567 4075 591 4122 ln
611 4075 655 4123 hbe
706 4089 732 4136 in
753 4094 834 4143 μμ
860 4087 941 4134 which
959 4102 1044 4135 means
1064 4086 1125 4135 both
1144 4092 1166 4133 to
1188 4085 1257 4148 beffa

100 4154 182 4204 orne.
200 4155 284 4216 Δροσί.
302 4167 340 4204 vr.
361 4170 397 4216 η,
417 4157 466 4204 and
483 4156 509 4204 iu
525 4157 568 4205 the
583 4156 655 4204 (lom-
705 4169 908 4231 ,ndwpuffm

98 4241 218 4300 montary
236 4236 265 4284 ol*
281 4236 466 4287 Cnnrsosrou.
495 4238 548 4287 The
568 4239 655 4302 Syriae
755 4250 765 4282 ⁴
782 4251 813 4298 Er
834 4251 876 4300 εἰς,
917 4249 968 4299 Pro
990 4250 1068 4311 τούτῳ
1091 4250 1201 4299 Irenoeur
1222 4249 1258 4300 oet

98 4319 172 4369 taken
190 4319 215 4366 ἐν
231 4318 287 4376 ἡμῖν
303 4334 330 4366 aa
347 4319 445 4382 applied
462 4325 489 4368 to
509 4320 609 4368 himself
621 4320 655 4383 by
706 4330 821 4394 imm
832 4331 881 4393 φη
894 4331 948 4393 upa
964 4331 1046 4391 οὕτως,
1059 4331 1174 4393 merrom
1185 4331 1259 4380 etiam

99 4412 126 4464 S.
140 4412 225 4472 Peter,
239 4380 356 4475 ..Δ-αξ
378 4399 522 4459 ΔΟΟΞ)
549 4399 612 4492 (30
628 4432 657 4465 erc
703 4413 821 4476 primitur
842 4414 870 4461 io
894 4412 952 4462 Cod.
976 4411 1117 4476 Cantabria.
1140 4414 1259 4476 scriptum

98 4496 393 4558 cremearneoicpuum.
701 4494 764 4558 suit,
791 4493 834 4542 red
859 4494 985 4543 recentiori
1012 4510 1089 4543 manu
1118 4503 1256 4545 correnum.

150 4593 263 4645 morri.
294 4595 481 4660 mroesyme
495 4578 575 4679 <Am
708 4576 811 4624 Gum-
