3000 4994
246 319 290 390 78
690 336 717 389 n
743 336 833 391 sono
859 335 960 390 nuos

105 512 159 599 app
171 512 213 598 1³11.
246 509 340 573 quam
353 487 395 552 ad
409 487 564 554 discentes
577 508 652 554 suos
671 487 753 553 dixit
772 488 1014 574 responsionem,
1035 489 1159 576 quando
1179 488 1326 555 dixenmt
1348 489 1395 555 ei:

82 605 127 646 ou
141 587 234 645 11'1·'x¹v·
247 590 361 675 Adjice
374 589 455 657 codri
465 591 583 673 fldem:
605 599 638 656 et
653 612 722 656 eam
738 613 808 678 quae
827 592 869 656 ad
888 592 1077 658 Zacchaeum
1095 592 1294 679 publicanum
1315 594 1399 658 facta

83 650 232 780 Ἥ
248 702 296 758 est
322 693 623 760 conlabidationem:
655 701 689 760 et
715 694 754 759 de
778 694 939 760 Pharisaeo
963 703 997 761 et
1025 696 1200 782 publicano,
1227 695 1280 783 qui
1306 695 1399 760 simul

83 808 133 903 gp
143 808 203 893 {¹33st
246 797 419 865 adorabant
433 799 466 865 in
481 798 617 884 templo:
641 798 724 864 etde
739 798 848 863 decem
862 798 1001 885 leprosis,
1021 821 1099 887 quos
1113 799 1204 865 simul
1219 798 1399 865 emundavit

82 898 193 999 2:⁹52*
248 901 282 967 in
295 901 364 967 vis:
388 911 421 968 et
440 903 587 990 quoniam
612 902 652 967 da
672 902 749 968 vicis
772 910 805 967 et
828 902 939 989 plateis
962 902 1089 968 claudos
1109 912 1142 968 et
1165 902 1285 967 ¹luscos
1302 903 1399 988 jussit

82 969 201 1056 ⁰¹3¹'ll
247 1004 351 1091 colligi
372 1005 414 1070 ad
438 1004 580 1091 nuptias;
604 1012 637 1070 et
656 1003 834 1089 parabolam
852 1004 967 1092 judicis
986 1004 1040 1092 qui
1055 1005 1160 1070 Deum
1179 1027 1242 1070 non
1256 1006 1398 1084 timebat,

82 1115 187 1166 ccam
248 1129 342 1194 quem
361 1107 511 1174 instantia
524 1109 625 1172 viduae
643 1108 717 1173 fecit
738 1116 774 1172 ut
792 1107 963 1173 vindicaret
982 1130 1071 1173 esm:
1100 1117 1133 1173 et
1157 1108 1196 1172 da
1216 1109 1326 1173 arbore
1348 1108 1400 1174 fici

248 1233 318 1299 quae
333 1220 400 1278 erat
414 1211 447 1275 in
462 1210 560 1290 vinea,
577 1233 646 1296 quse
661 1233 724 1276 non
737 1210 872 1276 faciebat
882 1211 1028 1276 fructum.
1074 1212 1120 1276 Et
1139 1210 1200 1276 alia
1214 1212 1313 1275 multa
1326 1220 1401 1276 sunt

248 1336 318 1400 quse
333 1313 460 1380 inveniri
474 1324 606 1401 possunt
628 1335 648 1378 a
670 1313 737 1380 solo
759 1312 846 1378 Luce
863 1314 948 1380 dicta
969 1335 1048 1391 esse,
1069 1313 1181 1400 quibus
1201 1321 1234 1378 et
1255 1313 1400 1379 Marcion

83 1421 196 1471 “effi-
248 1424 281 1481 et
296 1416 484 1482 Valentinus
499 1424 638 1482 utuntur.
679 1416 725 1480 Et
738 1437 832 1502 super
852 1416 921 1481 haec
935 1415 1040 1481 omnia
1053 1424 1126 1502 post
1144 1416 1400 1481 resurrectionem

248 1520 281 1584 in
295 1520 345 1586 via
357 1521 399 1586 ad
413 1520 581 1607 discipulos
602 1542 675 1585 suos
689 1540 760 1606 quae
779 1519 901 1586 locutus
921 1528 980 1599 est,
1004 1527 1037 1585 et
1052 1520 1310 1606 quemadmodum
1326 1541 1399 1607 cog-

248 1634 399 1692 noverunt
412 1647 485 1690 enm
499 1624 532 1688 in
546 1624 697 1689 fractione
712 1624 811 1710 panis.

314 1734 345 1795 4.
392 1728 528 1794 Necesse
548 1736 597 1794 est
617 1727 713 1815 igitur
735 1736 768 1793 et
790 1728 909 1816 reliqua
928 1751 998 1815 quse
1012 1730 1053 1795 ab
1068 1751 1105 1794 eo
1120 1730 1206 1796 diota
1224 1739 1307 1808 sunt,
1323 1731 1400 1796 reci·

248 1852 321 1916 pere
335 1853 400 1911 eos,
419 1838 476 1895 aut
490 1838 523 1896 et
537 1830 588 1896 his
600 1831 789 1897 renuntiare.
829 1831 902 1896 Non
921 1831 1005 1896 enim
1024 1832 1204 1898 conceditur
1225 1832 1271 1897 eis
1290 1835 1331 1898 ab
1350 1833 1400 1898 his

249 1935 302 2022 qui
316 1956 442 2001 sensum
456 1935 583 2012 habent,
598 1935 743 2022 quasdam
764 1935 889 2022 quidem
903 1936 1039 2022 recipere
1062 1959 1103 2002 ex
1123 1937 1174 2002 his
1192 1959 1262 2021 quse
1276 1959 1297 2002 a
1313 1938 1400 2004 Luca

249 2039 431 2117 dictasunt,
446 2039 534 2125 quasi
549 2039 613 2104 sint
627 2038 784 2115 veritatis;
808 2041 951 2127 quaedam
970 2062 1042 2106 vero
1056 2041 1216 2119 ’msutsra
1232 2042 1321 2126 qussi
1337 2065 1400 2108 non

249 2141 445 2228 cognovisset
459 2141 632 2207 veritatem.
678 2142 724 2206 Et
748 2141 775 2207 si
796 2143 921 2230 quidem
941 2144 1143 2210 refutaverint
1162 2144 1195 2208 hi
1209 2145 1296 2231 quia
1313 2146 1399 2211 Mar·

249 2243 338 2310 cione
351 2253 435 2324 sunt,
459 2267 523 2309 non
534 2245 693 2310 lnbebnnt
708 2245 931 2333 Evangelium:
957 2246 1017 2312 hoo
1031 2247 1115 2313 enim
1130 2249 1214 2334 quod
1227 2256 1277 2313 est
1290 2270 1399 2314 secun-

249 2345 324 2412 dum
340 2347 460 2413 Lucam
473 2346 735 2433 quemadmodum
755 2347 984 2435 ”praediximus
1001 2349 1211 2428 decurtantes,
1228 2351 1401 2437 gloriantur

248 2473 283 2518 sc
298 2451 412 2518 habere
427 2451 650 2540 Evangelium;
668 2451 700 2515 hi
715 2474 788 2519 vero
808 2452 860 2538 qni
875 2474 896 2517 a
906 2452 1076 2518 Valentino
1093 2462 1176 2531 sunt,
1196 2457 1362 2520 cessabunt
1380 2477 1401 2520 a

248 2553 380 2640 plurimo
401 2554 575 2641 vaniloquio
598 2575 675 2620 suo:
703 2575 744 2619 ex
765 2554 825 2620 hoc
843 2555 928 2620 enim
950 2555 1065 2622 multas
1082 2556 1261 2622 occasiones
1279 2557 1402 2623 subtili·

248 2655 343 2742 loquii
358 2656 406 2721 sni
420 2665 616 2742 acceperunt,
632 2657 828 2742 interpretari
841 2658 992 2723 audentes
1006 2657 1096 2737 mnle,
1109 2679 1179 2743 quse
1194 2660 1234 2725 ab
1248 2659 1308 2725 hoc
1322 2661 1401 2726 bene

248 2769 323 2826 sunt
340 2761 443 2827 diota:
473 2762 501 2826 si
523 2770 629 2827 autem
651 2763 820 2847 etreliqua
840 2763 997 2849 suscipere
1019 2771 1179 2850 cogentur,
1204 2763 1401 2829 intendentes

248 2864 385 2949 perlecto
403 2864 584 2952 Evangelio,
608 2872 642 2929 et
662 2865 887 2951 Apostolorum
905 2865 1065 2945 doctrinae,
1088 2874 1211 2952 oportet
1227 2888 1282 2932 eos
1302 2866 1401 2953 poeni-

249 2965 381 3033 tentiam
394 2987 497 3058 agere,
514 2975 549 3032 ut
563 2967 675 3032 salvari
689 2988 710 3033 a
724 2967 861 3054 periculo
874 2967 1006 3055 possint.

722 3302 824 3370 OAP.
847 3302 930 3370 XV.

318 3473 507 3550 Adversus
524 3500 581 3550 eos
598 3473 909 3574 quifrustrootur
924 3475 1091 3551 Paolum
1107 3474 1333 3576 Apostolum.

317 3668 348 3732 1.
392 3664 520 3730 Enosis
543 3673 649 3731 autem
670 3665 804 3730 dicimus
824 3664 936 3729 iterum
956 3674 989 3731 et
1003 3665 1078 3743 ⁴his,
1096 3665 1149 3750 qui
1166 3665 1300 3730 Paulum
1315 3666 1403 3750 Apo
1417 3693 1489 3734 asoa

249 3770 365 3837 stolum
390 3791 453 3834 non
479 3776 682 3858 cognoscunt,
707 3769 854 3854 quoniam
876 3777 932 3834 aut
952 3769 1079 3855 reliquis
1101 3771 1203 3835 verbis
1228 3770 1403 3857 Evangelii,

249 3897 319 3961 quae
338 3896 393 3960 per
417 3872 519 3938 solum
541 3872 661 3938 Lucam
682 3873 716 3937 in
737 3881 876 3938 nostram
898 3881 1047 3938 venerunt
1068 3873 1271 3960 agnitionem,
1291 3895 1404 3938 renun-

249 3976 329 4042 tiare
343 3977 469 4055 debent,
485 3983 518 4041 et
537 3997 601 4040 non
618 3974 664 4039 uti
684 3974 752 4049 eis;
775 3983 830 4039 aut
852 3973 879 4038 si
902 3974 955 4039 illa
975 3975 1129 4061 recipiunt
1151 3975 1265 4054 omnia,
1287 3975 1405 4039 habent

250 4079 468 4145 necessitatem
496 4078 633 4163 recipere
661 4077 758 4143 etiam
792 4099 862 4142 eam
894 4077 1157 4156 testificationem,
1188 4099 1258 4163 quae
1288 4086 1337 4143 est
1365 4077 1405 4143 de

252 4180 362 4260 Paulo,
378 4181 500 4247 dicente
514 4180 593 4267 ipso,
609 4178 745 4265 primum
767 4179 892 4264 quidem
915 4177 1087 4244 Dominum
1109 4179 1139 4246 ei
1160 4180 1200 4245 de
1221 4178 1300 4245 ooelo
1319 4180 1404 4245 locu·

299 4383 308 4415 ¹
326 4385 377 4432 As.
390 4400 467 4434 coecos.
901 4384 912 4416 ⁴
928 4386 1031 4450 Among
1049 4386 1133 4434 others
1146 4386 1191 4434 the
1204 4385 1334 4434 Ebionites
1349 4384 1405 4434 who

299 4463 310 4495 ¹
327 4465 373 4513 See
383 4464 441 4513 Vol.
455 4477 473 4514 1.
489 4480 510 4525 1,
523 4483 548 4516 n.
564 4482 585 4529 3.
852 4467 995 4516 considered
1009 4466 1061 4516 him
1078 4472 1106 4516 to
1118 4467 1150 4516 be
1163 4484 1196 4517 an
1214 4471 1327 4532 apostate
1342 4467 1405 4516 from

300 4544 311 4578 ¹
328 4546 374 4596 See
384 4562 426 4610 pp.
439 4559 478 4607 50,
492 4545 532 4607 67.
853 4549 896 4597 the
907 4548 977 4609 Low,
991 4548 1049 4597 Vol.
1063 4560 1081 4598 1.
1096 4562 1153 4609 ‘²¹3-
