3000 4994
491 366 518 418 a
544 367 668 420 sanan
694 369 966 424 rsouuneans.
1232 354 1299 421 273

147 519 244 584 Patre
265 517 435 584 Dominum
457 529 608 601 nostrum,
629 523 704 588 talia
722 531 797 588 sunt
815 530 900 610 apta,
920 523 949 590 si
968 528 1030 609 quo
1049 523 1142 588 modo
1157 523 1299 588 ¹tandem
1334 541 1437 630 mppr.

59 632 122 678 aar·
146 622 308 707 quiescant
326 645 347 689 a
364 632 453 690 tanta
470 624 749 693 irrationabilitate.
795 629 929 714 Propter
948 627 1008 693 boo
1025 627 1109 693 enim
1129 634 1162 692 et
1179 626 1299 692 labora-
1339 637 1433 724 flffi

145 746 216 789 mus
236 747 299 804 eas,
322 748 392 811 quae
413 736 487 792 sunt
506 750 547 793 ex
568 728 747 817 Scripturis,
769 730 917 796 adhibere
938 729 1142 808 ostensiones,
1166 737 1203 795 ut
1223 729 1299 816 ipsis
1323 730 1449 818 ’ξξξῇἶζ

145 829 339 894 sermonibus
353 831 550 897 confutantes
563 854 627 911 eos,
643 841 794 919 quantum
808 833 841 898 in
855 832 946 899 nobis
959 842 1018 913 est,
1033 834 1233 900 cohibeamus
1244 855 1299 899 eos
1311 852 1461 865 ‘'-

145 950 166 993 a
179 932 290 1018 grandi
305 932 506 1020 blasphemia,
527 942 560 1001 et
573 957 595 1000 a
607 935 776 1001 multorum
791 935 919 1002 deorum
933 935 1071 1002 dementi
1085 935 1297 1002 fabricatione.

607 1217 706 1284 aAP.
731 1216 845 1284 LVII.

146 1389 334 1466 Aduersus
359 1416 416 1466 eoo
441 1389 507 1490 qui
527 1388 664 1482 dicunt,
693 1387 862 1490 quadam
886 1417 911 1465 a
931 1390 1138 1467 summitate
1162 1391 1298 1469 dianae

213 1510 424 1607 prophetae,
444 1508 614 1608 quadam
630 1535 713 1584 uero
731 1535 756 1583 a
772 1507 906 1583 meandi
908 1508 1166 1606 fabm‘catorc:
1193 1522 1237 1596 et,

149 1667 465 1756 Quemadmodum
499 1668 545 1742 de
579 1666 710 1742 iisdem
744 1667 837 1766 apsis
877 1666 987 1743 dictis
1021 1667 1233 1769 discrepant
1271 1695 1298 1744 a

394 1785 603 1885 semetnpsn'a,
623 1785 828 1885 quisenta
852 1785 1050 1861 Valentino.

214 1970 242 2033 1.
287 1968 472 2032 onnnsus
495 1989 550 2032 eos
570 1989 677 2032 rursus
698 1968 751 2053 qui
772 1975 888 2033 sunta
908 1966 1089 2047 Valentino,
1109 1976 1143 2035 et
1164 1968 1299 2058 reliquos

144 2071 212 2136 falsi
231 2072 365 2137 nominis
381 2071 558 2149 Gnosticos,
574 2070 627 2158 qui
643 2070 809 2156 aliquando
824 2070 949 2155 quidem
966 2075 1003 2135 'a
1019 2072 1199 2138 summitate
1214 2095 1298 2160 quae·

144 2175 217 2239 dam
239 2181 346 2240 eo'rum
368 2197 438 2260 quae
463 2181 537 2239 sunt
558 2174 591 2237 in
610 2174 779 2259 Scripturis
800 2174 903 2261 posita
925 2174 1010 2239 dicta
1036 2175 1154 2254 dicunt,
1173 2183 1300 2263 propter

144 2299 251 2343 semen
266 2279 348 2365 quod
362 2287 411 2344 est
426 2279 517 2354 inde;
540 2278 705 2364 aliquando
719 2299 791 2342 vero
806 2299 826 2342 a
845 2277 1012 2343 medietate
1025 2287 1152 2365 propter
1166 2287 1298 2345 matrem

145 2381 314 2447 Prnnioam
334 2383 521 2457 ³audaoem;
545 2381 645 2445 multa
665 2401 738 2445 vero
758 2401 779 2444 a
799 2379 907 2444 mundi
928 2380 1124 2458 fabricatore,
1142 2402 1163 2445 a
1182 2403 1244 2468 quo
1265 2390 1299 2447 et

145 2485 231 2549 missi
246 2494 319 2550 sunt
332 2485 529 2571 ⁴propbetae:
551 2484 682 2549 dicimus
697 2482 785 2548 valde
800 2482 1009 2548 irrationabile
1023 2505 1102 2562 esse,
1124 2483 1156 2548 in
1173 2490 1298 2548 tantum

145 2587 258 2673 inopiae
279 2590 431 2655 deducere
447 2590 576 2654 Patrem
596 2587 819 2664 universorum,
839 2585 928 2672 quasi
942 2607 1005 2650 non
1019 2586 1163 2651 habuerit
1177 2607 1235 2650 sua
1251 2585 1297 2650 in·

145 2699 328 2769 strumenta,
342 2714 397 2777 per
407 2714 477 2779 quae
489 2713 565 2777 pure
576 2712 693 2776 eaquae
704 2697 779 2754 sunt
791 2688 823 2752 in
835 2688 1013 2754 Pleromate
1027 2689 1296 2754 annuntiarentur.

146 2796 246 2875 Quem
266 2795 349 2859 enim
371 2794 509 2869 timebat,
525 2801 560 2857 ut
582 2815 645 2857 non
662 2792 758 2856 libere
777 2799 810 2855 et
827 2790 895 2854 sine
912 2789 1132 2856 commixtione
1149 2792 1218 2877 ejus
1234 2792 1297 2877 spi-

145 2897 226 2960 ritus
244 2897 297 2982 qui
312 2904 361 2960 est
376 2896 408 2960 in
427 2895 631 2959 diminutione
646 2902 679 2959 et
698 2892 874 2980 ignorantia
892 2891 1004 2970 laetus,
1019 2892 1141 2978 proprie
1154 2913 1192 2957 ac
1207 2914 1296 2978 sepa-

144 2998 238 3062 ratim
249 2997 456 3085 ⁶significaret
470 2996 661 3061 voluntatem
675 2998 785 3060 suam?
829 2995 884 3058 An
898 2993 1030 3059 timebat
1044 3016 1084 3059 ne
1098 2994 1221 3079 plurimi
1236 2995 1297 3060 sal·

145 3109 301 3178 narentur,
321 3123 393 3166 cum
413 3100 516 3185 plures
535 3121 612 3186 pure
631 3099 791 3164 audissent
805 3119 843 3164 ea
863 3118 933 3183 quae
952 3106 1026 3163 sunt
1043 3097 1204 3164 veritatis?
1241 3101 1296 3164 An

145 3226 251 3269 rursus
266 3204 421 3289 impotens
435 3210 503 3268 erat
517 3203 584 3287 ipse
598 3202 658 3267 sibi
675 3221 850 3289 praeparare
864 3221 919 3265 eos
937 3200 990 3284 qui
1007 3200 1175 3266 adventum
1190 3201 1297 3269 Salva·

145 3306 491 3372 torisunnuntiarentt

212 3413 242 3473 2.
275 3408 310 3474 Si
321 3416 426 3473 autem
438 3429 510 3474 cum
520 3407 582 3472 huc
590 3407 728 3472 venisset
738 3407 890 3486 Salvator,
899 3427 973 3472 suos
983 3407 1156 3493 Apostolos
1167 3407 1298 3474 misitin

146 3512 307 3589 mundum,
322 3533 398 3597 pure
413 3511 579 3575 adventum
600 3511 669 3596 ejus
685 3510 916 3589 annuntiantes,
935 3519 968 3576 et
982 3511 1174 3576 voluntatem
1191 3511 1298 3577 Patris

146 3615 304 3688 docentes,
327 3614 360 3677 in
378 3613 463 3678 nullo
481 3613 748 3678 communicantes
769 3634 869 3698 neque
879 3613 1035 3699 agentium,
1051 3634 1152 3699 neque
1167 3612 1191 3676 J
1194 3612 1297 3676 udaeo·

146 3741 215 3783 rum
229 3718 390 3795 doctrinae,
406 3716 504 3782 multo
524 3717 624 3802 magis
642 3716 674 3780 in
693 3715 872 3781 Pleromate
886 3716 1058 3781 ⁰exsistens
1076 3714 1297 3801 praedicatores

195 3925 325 3975 ltandem.
366 3926 419 3974 'Ibe
441 3924 541 3973 Cannu.
566 3939 628 3988 copy
650 3923 695 3972 has
794 3921 948 3971 tendam.
978 3921 1031 3970 The
1048 3921 1115 3970 word
1128 3921 1199 3970 looks
1215 3922 1265 3972 like
1281 3940 1298 3974 a

145 4008 292 4068 tantundem,
312 4008 338 4055 in
357 4009 500 4067 comatico,
518 4007 552 4070 by
568 4005 611 4054 the
627 4021 695 4053 samo
746 4004 813 4067 gloss
823 4004 888 4052 from
898 4003 941 4052 the
952 4002 1056 4066 margin,
1069 4003 1094 4050 in
1103 4003 1262 4067 explanation
1271 4006 1301 4055 of

144 4091 219 4150 band,
240 4092 269 4139 of
282 4089 432 4139 tondendam.
466 4089 519 4137 The
536 4104 600 4152 copy
614 4087 694 4136 there·
746 4086 790 4134 the
806 4091 870 4134 term
881 4085 1026 4134 Prnnioam.
1061 4084 1114 4134 Tho
1133 4085 1233 4137 Cannu.
1245 4088 1296 4137 and

144 4174 196 4221 lore
207 4177 276 4221 must
293 4172 357 4220 have
371 4170 421 4219 bad
432 4172 476 4219 tho
486 4171 570 4229 word;
586 4171 632 4218 but
643 4176 695 4217 tan·
747 4167 826 4217 Voss.
835 4167 911 4216 MSS„
920 4167 1019 4215 omitit.
1041 4168 1092 4216 For
1102 4168 1145 4217 tho
1155 4172 1219 4218 term
1231 4169 1296 4218 Pru·

143 4253 198 4302 dem
214 4270 242 4301 as
256 4253 282 4301 in
294 4253 336 4301 the
353 4253 424 4301 other
436 4251 511 4301 Mss.
525 4267 575 4300 was
589 4250 695 4315 perhaps
746 4247 804 4297 nica
815 4265 843 4297 or
855 4246 981 4308 Prunicos,
996 4264 1035 4297 see
1047 4260 1065 4297 1.
1080 4261 1135 4311 225,
1152 4263 1172 4300 1.

143 4336 243 4383 written
255 4334 340 4398 hythe
350 4334 491 4383 translator.
794 4328 806 4360 ⁴
822 4329 867 4378 See
878 4341 896 4378 1.
912 4341 965 4392 193,
981 4341 1036 4389 aar,
1050 4339 1105 4391 237.

192 4415 236 4464 ²a
253 4415 396 4474 summitate,
419 4416 446 4463 ἐκ
467 4413 634 4475 πληρώματος,
656 4412 695 4461 lor
794 4409 1293 4475 ⁶As.aiynirtcarc,andpranuntmnm.

143 4511 257 4559 comparo
272 4496 314 4542 the
329 4493 420 4557 sequcl,
436 4493 487 4541 and
502 4509 542 4542 see
555 4509 580 4557 p.
594 4493 617 4553 8,
630 4508 655 4540 ιι.
672 4506 691 4541 1.
794 4488 925 4552 ‘mittem
946 4492 1078 4556 corrupted
1096 4493 1151 4542 first
1168 4493 1222 4543 into
1241 4494 1294 4543 mit·

143 4578 181 4626 Gt.
194 4578 253 4636 also,
268 4579 295 4625 ἐκ
306 4577 355 4624 τῶν
365 4577 481 4640 ἀνωτέρω,
496 4588 514 4623 1.
527 4573 567 4637 63.
744 4579 800 4633 teres,
814 4573 889 4634 Vna,
902 4573 951 4622 and
962 4574 1022 4623 then
1033 4575 1087 4625 into
1097 4583 1201 4637 muana,
1214 4578 1265 4627 AB.
