3000 4994
224 329 290 395 326
504 345 572 407 our
598 343 736 399 caurus
762 345 1107 399 ansuuascmonsn

92 515 182 604 Ἥ·
227 502 410 603 ἄνθρωπον.
464 504 600 604 Καέπερ
631 512 750 596 πολλῷ
784 502 1032 604 δυσκολώτερον
1065 505 1118 576 καὶ
1149 503 1382 603 ἀπιστότερον

77 609 200 696 ssffiii'
227 618 271 701 ἣν,
295 619 330 687 ἕκ
353 618 398 702 μὴ
424 617 526 688 ὄντων
546 619 671 690 ἀστέων
688 649 736 702 τε,
758 617 812 689 καὶ
832 619 953 717 νεύρων,
967 619 1084 689 ...ικαὶ
1104 621 1163 701 τῆς
1180 621 1302 700 λοιπῆς
1320 625 1379 700 τῆς
1392 641 1470 682 (Μαι

61 702 209 790 -ίι-ιξ-
226 728 314 802 κατδι
349 729 409 801 τόν
443 729 617 828 ἄνθρωπον
650 730 842 815 οἰκονομίας,
874 734 1014 813 ποιῆσαι
1052 733 1095 808 εἷς
1126 729 1170 803 τό
1203 730 1290 813 εἶναι,
1325 731 1379 801 καὶ

226 842 386 940 ἔμψυχον
415 843 468 916 καὶ
495 841 655 935 2λογικὸν
679 841 943 942 ἀπεργάσασθαι
968 842 1079 944 ’ζῶοκ
1112 840 1196 927 vird
1229 842 1378 935 γεγονός,
1393 874 1476 916 usae

226 955 343 1028 ἔπειτα
366 952 526 1027 ἀναλυθέν
551 959 593 1033 εἷς
614 956 675 1039 τάν
693 964 763 1048 γῆν,
790 954 879 1033 αὖθις
905 956 1197 1039 ἀποκαταστῆσαι,
1216 958 1258 1032 εἰς
1277 957 1378 1026 ε’κεῖνα

227 1072 392 1170 χωρῆσαν,
411 1070 486 1140 ὅθεν
504 1069 566 1152 τάν
584 1068 690 1167 ἀρχὴν
712 1066 845 1153 μηδέπω
869 1069 1014 1161 γεγονὼς
1043 1070 1190 1163 ε’γεγόνει
1216 1071 1234 1138 ὁ
1257 1066 1381 1167 liudpol-

228 1212 301 1258 τος.
351 1181 396 1251 '0
426 1179 494 1280 γᾶρ
519 1180 580 1264 τὴν
606 1182 714 1279 ἀρχὴν
738 1181 793 1253 οὐκ
821 1183 919 1258 ὄντας
942 1187 1092 1266 ποιήσας,
1119 1182 1225 1253 ὁπότε
1253 1179 1379 1264 ἤθελεν,

228 1297 349 1383 πολλῷ
381 1297 515 1378 μᾶλλον
545 1294 620 1370 τοὺς
654 1293 712 1377 ἤδη
752 1295 938 1386 γεγονότας
976 1293 1064 1371 αὖθις
1101 1297 1378 1375 ἀποκαταστήσει

229 1404 372 1490 θελήσας
396 1408 439 1483 εἷς
462 1407 523 1489 τὴν
546 1406 596 1475 ἐπ’
619 1408 722 1478 αὑτοῦ
748 1405 913 1491 διδομένην
940 1406 1030 1508 ζωήν.
1082 1407 1311 1505 Εὑρεθῆσιται
1345 1404 1380 1476 δέ

228 1518 282 1590 καὶ
311 1517 439 1602 δεκτικὴ
465 1515 534 1602 ἅμα
558 1520 613 1590 καὶ
642 1519 807 1618 χωρητικῆ
832 1523 850 1602 ἧ
875 1517 966 1618 σὰρξ
991 1528 1049 1603 τῆς
1079 1526 1142 1592 τοῦ
1170 1519 1256 1589 Θεοῦ
1287 1514 1380 1589 δυνό-

228 1662 320 1716 μεως·
346 1634 394 1703 ³ei
421 1630 489 1730 γὰρ
516 1631 577 1714 τὴν
606 1632 713 1731 ἀρχόν
745 1629 935 1726 ἀπεδέξατο
959 1633 1021 1714 τάν
1050 1632 1171 1728 τέχνην
1193 1634 1255 1702 τοῦ
1281 1631 1376 1715 θεοῦ,

227 1744 281 1814 καὶ
300 1742 344 1816 τδ
365 1745 425 1828 μέν
442 1775 476 1815 τι
496 1745 630 1836 ἐγένετο
650 1744 831 1844 ὀφθαλμός
850 1750 913 1816 τοῦ
938 1748 1028 1843 ὁρᾷν,
1057 1742 1223 1820 aridioris*
1243 1745 1376 1827 ἀκούειν,

299 1857 354 1928 καὶ
381 1855 470 1928 ἄλλα
504 1855 621 1928 ἄλλον.
680 1857 728 1926 Τι’
764 1859 854 1956 γάρ;
898 1859 953 1928 onix
982 1859 1075 1929 ἔστιν
1105 1856 1247 1956 ἀριθμὸν
1277 1859 1379 1927 εἰπεῖν

228 1965 337 2051 πάσης
368 1977 426 2052 τῆς
453 1967 541 2041 κατὰ
579 1969 641 2042 τὸν
672 1968 844 2068 ἄνθρωπον
877 1969 1081 2055 μελαποιΐας,
1112 1969 1182 2053 ἥτις
1215 1969 1270 2039 oric
1305 1967 1378 2040 ἄνευ

227 2082 354 2180 σοφιάς
371 2089 501 2165 πολλῆς
518 2083 663 2173 ἐγένετο.
707 2080 764 2152 Τὰ
784 2081 819 2152 δὲ
835 2082 952 2178 τέχνης
970 2082 1024 2154 καὶ
1042 2082 1168 2183 σοφίας
1186 2081 1377 2177 μετέχοντα

227 2194 323 2279 Θεοῦ,
340 2196 475 2291 μετέχει
495 2195 549 2266 καὶ
568 2198 628 2278 τῆς
646 2191 803 2278 δννάμεως
821 2195 933 2267 αὐτοῦ.

225 2348 380 2415 difficilius
408 2359 441 2415 ει
464 2349 673 2417 incredibilius
695 2357 757 2430 εει,
780 2373 821 2416 εκ
851 2373 914 2417 non
942 2350 1163 2417 exsistentibus
1187 2351 1317 2429 ossibus,
1345 2359 1379 2417 et

225 2451 338 2529 nervis,
358 2452 501 2530 εινεαίε,
517 2452 683 2537 etreliqua
703 2452 916 2538 dispositione,
932 2475 1002 2539 quae
1021 2461 1069 2518 εει
1086 2453 1256 2517 secundum
1276 2453 1376 2518 homi·

225 2575 308 2633 nem,
330 2556 432 2621 facere
452 2556 493 2620 ad
513 2554 573 2620 hoo
595 2563 631 2619 ut
649 2555 701 2634 sit,
724 2562 758 2620 ει
779 2554 904 2641 quidem
922 2555 1087 2620 animalem
1108 2564 1141 2620 et
1162 2555 1377 2620 rationabilem

225 2657 343 2722 ⁴faeere
357 2657 525 2735 hominem,
541 2680 635 2742 quam
650 2658 732 2745 quod
752 2657 868 2722 lactum
884 2665 942 2734 est,
958 2666 990 2722 et
1005 2657 1116 2723 deinde
1127 2657 1313 2722 ⁴resolutum
1327 2665 1378 2721 εει

224 2760 257 2824 in
277 2769 403 2839 terram,
423 2769 550 2848 propter
570 2782 682 2825 causas
702 2783 780 2845 quas
801 2760 1010 2847 praediximus,
1032 2783 1138 2824 rursus
1157 2761 1375 2847 redintegrare,

224 2862 298 2928 licet
311 2863 344 2926 in
359 2863 412 2927 illa
426 2862 564 2940 cesserit,
580 2862 706 2928 undeet
720 2861 810 2927 initio
824 2864 962 2927 nondum
976 2864 1087 2942 sactus,
1099 2865 1201 2928 iactus
1212 2872 1262 2928 εει
1271 2865 1375 2929 homo.

225 2966 287 3048 Qui
305 2966 388 3030 enim
406 2965 496 3029 initio
515 2987 586 3029 eum
605 2965 656 3051 qui
680 2987 743 3029 non
761 2973 837 3042 erat,
859 2965 933 3031 fecit
952 2975 986 3031 ut
1002 2974 1094 3044 esset,
1114 2968 1237 3052 quando
1260 2966 1374 3030 voluit:

224 3068 322 3133 multo
336 3069 438 3154 magis
452 3074 534 3146 ὅεοε,
549 3069 602 3153 qui
618 3071 686 3155 jam
700 3069 834 3146 suerunt,
850 3092 956 3134 rursus
976 3071 1119 3135 restituet
1132 3069 1237 3135 volens
1255 3070 1288 3133 in
1306 3091 1375 3134 eam

223 3192 294 3259 quar
315 3172 356 3236 ab
377 3192 415 3234 eo
439 3171 532 3236 datur
552 3171 660 3236 vitam.
698 3169 876 3236 Invenietur
896 3180 1003 3236 autem
1022 3172 1197 3257 perceptrix
1220 3181 1254 3236 ει
1275 3193 1376 3257 capax

223 3295 298 3340 caro
311 3271 435 3338 virtutis
455 3273 527 3352 Dei,
548 3295 617 3358 quae
632 3274 672 3337 ab
687 3272 776 3337 initio
794 3273 931 3358 percepit
948 3281 1049 3339 artem
1063 3274 1142 3348 Dei;
1164 3281 1197 3338 ει
1210 3273 1293 3337 aliud
1309 3273 1374 3358 qui-

222 3376 295 3440 dem
309 3376 444 3438 ⁶iactum
459 3381 508 3438 est
522 3373 630 3438 oculus
644 3374 759 3451 videns,
782 3374 867 3438 aliud
889 3376 973 3440 auris
993 3376 1132 3453 audiens,
1159 3375 1243 3439 aliud
1265 3397 1376 3440 manus

222 3478 351 3565 palpans
372 3486 404 3542 et
423 3498 565 3563 operans,
584 3477 669 3541 aliud
688 3477 772 3542 nervi
794 3477 929 3562 undique
949 3479 1117 3556 ⁷contensi,
1134 3486 1166 3544 et
1181 3479 1376 3544 continentes

221 3584 370 3660 membra,
392 3581 477 3646 aliud
495 3580 617 3646 arteriae
632 3590 665 3646 et
684 3603 780 3658 venae,
801 3582 962 3669 sanguinis
981 3591 1014 3647 ει
1027 3583 1156 3668 spiritus
1177 3583 1373 3658 transitoria;

220 3686 305 3752 aliud
326 3709 398 3752 vero
421 3685 591 3750 8ἰιινίεεειε
611 3684 747 3758 diversa3
775 3684 859 3749 aliud
881 3686 1019 3772 sanguis,
1046 3685 1201 3772 copulatio
1215 3687 1328 3750 animae
1343 3693 1375 3749 et

219 3790 368 3876 corporis.
402 3788 484 3871 Quid
498 3787 598 3853 enim?
632 3788 705 3853 Non
719 3795 768 3853 est
784 3810 944 3854 numerum
961 3788 1064 3854 dicere
1077 3788 1228 3854 universae
1243 3789 1375 3854 fabrica·
1426 3782 1427 3785 ¹

219 3893 323 3971 tionis,
345 3916 414 3980 quae
434 3900 483 3958 εει
499 3892 669 3957 secundum
689 3893 829 3956 membra
850 3892 996 3968 hominis,
1016 3914 1085 3981 quae
1100 3914 1163 3956 non
1178 3892 1272 3957 8ιιιῐκε
1292 3892 1376 3956 lacta

218 4004 268 4062 est
281 3995 354 4061 lsed
368 4017 408 4061 ex
422 4017 537 4082 magna
556 3994 709 4081 sapientia
725 3992 796 4059 Dei.
850 3995 928 4077 Quae
943 4002 1050 4060 autem
1071 3995 1287 4080 ¹⁰sapientiam
1306 4017 1375 4079 par-
1401 3988 1403 3992 ’

219 4100 352 4186 ticipant
367 4098 506 4176 Domini,
522 4097 711 4184 participant
724 4105 756 4162 et
771 4097 918 4162 virtutem
932 4099 1012 4185 ejus.

267 4232 278 4265 ¹
295 4233 336 4281 και
347 4232 452 4294 φλεβῶν,
465 4231 579 4294 wanting
588 4231 614 4278 in
626 4231 669 4280 tho
680 4229 770 4280 Greek.
871 4229 883 4262 ⁸
898 4246 943 4290 σοι,
956 4230 1060 4279 omitted
1071 4231 1098 4279 in
1109 4231 1151 4279 tho
1163 4231 1263 4281 Onusta.
1276 4246 1349 4295 copy.

267 4311 278 4344 ¹
294 4311 391 4360 animat
400 4311 552 4370 rationabile,
566 4322 621 4373 317,
634 4311 652 4361 l.
663 4325 685 4360 a.
871 4310 882 4343 ⁶
892 4311 998 4374 factust,
1019 4314 1073 4372 On,
1093 4313 1155 4373 AB,
1174 4313 1264 4361 Maso.
1278 4325 1318 4372 11.,
1338 4328 1374 4362 sc.

267 4391 710 4456 'Forelydpthetranalatorreadvb
720 4392 771 4441 and
821 4393 968 4450 ιιιειαιτιικις
984 4395 1017 4443 al.
1025 4394 1115 4457 sactus.

216 4476 257 4527 sor
267 4477 296 4524 τι
306 4476 350 4533 μιν
360 4493 393 4535 τι,
406 4476 512 4539 perhaps
523 4479 601 4523 wrote
612 4474 739 4539 quiddam.
869 4474 880 4506 ⁷
897 4475 1006 4534 οοκιειιιι,
1029 4477 1081 4524 As.
1102 4477 1276 4536 σοντεινιμεπα,
1296 4475 1372 4536 narni,

267 4555 278 4588 ⁴
294 4557 345 4605 AB.
352 4554 453 4618 ,ιἀοεεοι,
467 4556 580 4606 solmam.
819 4556 936 4620 meaning
947 4556 1046 4614 ιιαειοες
1061 4556 1093 4605 al.
1106 4556 1229 4619 condensi,
1242 4558 1377 4623 according
