3000 4994
228 355 296 420 386
520 367 600 432 Qun
625 367 694 421 DIE
719 367 1006 422 Tsausenussus
1026 367 1094 420 EST

91 542 183 631 pipp.
229 529 337 587 nostro
357 520 409 609 qui
424 528 473 586 est
490 520 523 586 in
543 520 631 587 coelis
647 542 747 608 neque
766 542 874 607 passer
890 520 982 585 cadet
1001 520 1173 599 interram,
1196 518 1272 584 illud
1286 519 1384 607 igitur

66 637 213 724 ⁰3*AEpr
230 624 313 712 quod
327 625 382 703 ait,
395 625 473 689 Huc
487 626 589 689 omnio
603 625 681 689 milri
695 625 815 689 traditu
824 632 904 700 suut,
924 632 953 688 et
971 623 1023 686 cui
1037 622 1101 686 colo
1119 622 1157 686 do
1171 644 1218 701 cc,
1233 629 1269 686 ut
1284 622 1317 685 in
1330 643 1384 687 su·

65 713 215 813 Q
230 727 368 813 perbiam
387 727 487 792 elatus
500 727 554 793 ait.
593 726 704 811 Neque
718 727 801 791 enim
819 725 956 790 conditIo
975 726 1034 790 sub
1051 725 1119 811 ejus
1138 731 1294 810 potestate
1313 732 1380 789 est:

230 832 478 918 quandoquidem
493 839 525 895 et
537 830 603 916 ipse
617 851 698 895 unus
712 830 752 894 de
766 828 916 895 creaturis
927 838 985 894 est.
1017 828 1127 915 Neque
1141 827 1207 913 ipse
1221 828 1383 892 hominum

230 956 360 1022 regnum
374 934 524 999 attribuet
535 933 726 1008 hominibus;
750 932 806 998 sed
820 931 990 997 secundum
1005 931 1229 996 ordinationem
1243 930 1304 996 Dei
1320 931 1383 996 Pa·

230 1037 298 1114 tris,
317 1046 351 1102 et
369 1045 483 1102 coeters
501 1058 641 1121 quaeque,
664 1045 697 1101 et
719 1058 788 1123 quae
805 1044 879 1100 sunt
900 1057 975 1122 erga
995 1034 1146 1111 homines,
1166 1034 1380 1119 disponuntur.

61 1169 201 1212 ,menn
231 1140 387 1206 Dominus
405 1149 511 1205 autem
525 1140 590 1204 ait:
615 1139 770 1220 Quoniam
791 1137 942 1203 Diabolus
961 1138 1109 1202 ¹moudae
1128 1147 1170 1203 cet
1182 1137 1221 1201 cd
1236 1138 1334 1215 initio,
1353 1146 1383 1202 ot

229 1244 264 1307 iu
281 1244 409 1307 caritate
422 1264 481 1307 uon
494 1243 582 1307 stetit.
620 1241 655 1306 Si
673 1242 779 1328 itaque
792 1241 927 1307 mendax
941 1249 1000 1320 est,
1021 1249 1054 1306 et
1068 1262 1130 1304 non
1150 1249 1238 1304 stans
1257 1240 1290 1303 in
1303 1239 1381 1304 veri·

228 1353 305 1423 tate,
321 1345 464 1411 videlicet
477 1367 541 1409 uon
555 1366 661 1409 verum
676 1344 818 1410 dicebat:
845 1345 995 1423 Quoniam
1013 1344 1077 1408 doec
1096 1344 1199 1408 munic
1219 1343 1297 1407 ruiti
1316 1351 1381 1406 tra·

228 1449 297 1515 dira
310 1457 389 1527 suut,
405 1457 433 1513 ot
447 1448 498 1513 oui
509 1447 572 1513 colo
587 1447 626 1513 do
640 1469 695 1522 oa,-
710 1447 768 1513 sed
782 1447 978 1513 mendacium
992 1446 1132 1532 loquens.

670 1738 772 1804 OAP.
795 1738 942 1803 XXIII.

226 1901 411 1979 Diabolus
430 1913 591 1976 assuetus
611 1914 660 1976 ert
683 1900 895 1991 menduciie,
914 1901 1044 2001 quibus
1063 1901 1230 1978 seductus
1250 1901 1381 1978 Adam

302 2033 397 2097 scuto
423 2017 618 2094 creationis
640 2017 702 2093 die
719 2018 985 2120 peccavitque
1006 2018 1155 2095 taudem
1164 2047 1238 2120 per
1258 2021 1380 2098 utris-

299 2151 376 2212 tuut
392 2148 591 2236 reparatus
595 2134 687 2234 fuit.

227 2323 257 2386 I.
295 2320 473 2384 Assuenus
496 2317 580 2382 enim
601 2325 669 2383 crat
686 2316 754 2404 jam
774 2317 815 2381 ad
835 2315 1049 2382 seductionem
1070 2316 1231 2381 hominum
1254 2319 1379 2384 mentiri

225 2425 373 2488 adversus
389 2422 502 2486 Deum.
540 2421 594 2485 Ab
609 2420 697 2484 initio
713 2419 796 2484 enim
808 2420 926 2484 homini
942 2442 1046 2486 escam
1060 2421 1190 2485 multam
1205 2444 1276 2486 cum
1292 2422 1381 2488 Deus

226 2527 374 2603 dedisset,
390 2549 430 2590 ex
444 2546 507 2588 una
520 2531 625 2589 autem
640 2531 764 2588 tantum
778 2526 888 2588 arbore
900 2524 1099 2610 praecepisset
1114 2547 1153 2589 ne
1167 2528 1378 2607 manducaret,

59 2658 209 2708 emersu.
226 2629 487 2719 quemadmodum
509 2627 669 2714 Scriptura
686 2625 763 2691 dicit
777 2626 893 2690 dixisse
909 2625 1014 2690 Deum
1031 2628 1071 2691 ad
1087 2628 1209 2693 Adam:
1233 2629 1284 2693 At
1299 2631 1380 2695 ouini

226 2722 307 2820 liprio
320 2732 402 2819 quod
415 2741 457 2796 err
471 2732 506 2795 in
513 2731 666 2817 paradiso
686 2752 783 2794 escum
801 2729 1016 2804 ntuuducadie,·
1041 2735 1082 2796 2ιι
1097 2732 1177 2817 lipno
1195 2743 1296 2798 autom
1315 2757 1380 2820 cop·

225 2835 366 2901 noscendi
381 2833 487 2898 bouum
502 2843 530 2898 et
544 2833 669 2909 mulum,
685 2830 740 2895 ³ad
755 2855 787 2897 co
800 2854 860 2896 nou
874 2832 1116 2898 manducabitis:
1139 2857 1200 2920 qua
1215 2847 1315 2900 autem
1330 2838 1380 2902 dic

224 2937 485 3003 manducone-ritis
498 2935 537 3000 ud
553 2959 594 3013 eo,
607 2943 700 3000 morte
713 2935 903 3005 curiensium
924 2934 975 3000 ille
987 2937 1140 3002 mentiens
1153 2938 1301 3004 adversus
1314 2939 1379 3005 Do·

225 3039 354 3117 minum,
370 3038 520 3103 ⁴tentavit
535 3038 702 3114 hominem,
719 3037 979 3122 quemadmodum
997 3039 1158 3126 Scriptura
1172 3041 1248 3105 dicit
1263 3043 1379 3108 dixisse

57 3173 177 3216 omnm,
223 3149 399 3228 serpentem
413 3139 548 3204 mulieriz
575 3139 659 3219 Quid
670 3140 774 3225 itaque
788 3139 868 3203 dicit
886 3141 988 3206 Deus:
1003 3142 1056 3206 Ne
1069 3144 1326 3210 manducaveritis
1340 3144 1378 3210 ab
1390 3164 1468 3203 w.

223 3243 305 3308 omni
330 3242 410 3327 lr'puo
427 3241 604 3326 parodisc‘?
650 3241 695 3306 Et
721 3263 793 3306 cum
818 3240 871 3304 illa
897 3243 1087 3309 traduxisset
1111 3246 1316 3325 mendacium,
1344 3255 1377 3313 et

56 3368 203 3419 emutat
221 3344 406 3431 simpliciter
427 3343 585 3409 retulisset
610 3350 811 3431 praeceptum,
833 3345 867 3409 in
887 3367 924 3410 eo
951 3347 1034 3431 quod
1059 3347 1193 3414 diceret:
1222 3347 1273 3411 At
1295 3352 1378 3415 currui

222 3447 304 3534 bipuo
322 3446 473 3534 paradisi
494 3444 763 3511 manducabimus:
786 3470 807 3513 u
821 3450 936 3534 fructu
958 3460 1056 3514 autem
1081 3450 1158 3536 liqui
1178 3453 1260 3536 quod
1279 3460 1320 3517 est
1342 3454 1377 3518 iu

222 3551 319 3616 nudie
326 3548 490 3637 paradiso,
512 3549 594 3613 dicit
613 3550 708 3627 Dour,
728 3571 766 3614 ou
785 3573 817 3616 eo
834 3572 893 3616 uon
912 3552 1145 3632 manducabitis,
1164 3575 1257 3640 usquc
1276 3556 1377 3642 tctips·

270 3741 280 3773 ¹
297 3740 408 3791 mendax.
427 3741 462 3790 N.
471 3741 500 3790 Τ.
510 3741 702 3802 seponantur.
721 3741 774 3790 'I'ha
873 3740 885 3772 ¹
901 3743 1000 3792 Consu.
1014 3759 1030 3791 o
1042 3743 1108 3806 lipuo
1119 3743 1219 3793 echudi.

219 3821 774 3886 temmmdacoocurringinthesameversc
873 3821 939 3872 ⁸Ao
960 3840 986 3873 co
1005 3825 1043 3873 bis
1065 3825 1149 3873 addidi
1171 3842 1201 3873 ex
1219 3828 1295 3875 veteri
1312 3828 1374 3879 Ood.

219 3919 247 3953 aa
264 3904 363 3968 applied
378 3908 406 3952 to
424 3903 509 3964 Satan,
525 3904 546 3952 it
557 3905 578 3952 ia
589 3905 706 3968 probable
717 3906 774 3955 that
824 3904 944 3955 qussn.
959 3912 985 3954 et
1002 3907 1111 3956 Asuero.
1128 3912 1204 3971 atque
1220 3908 1300 3958 Voss.
1317 3911 1376 3973 quiae

219 3986 263 4034 the
279 3986 374 4049 change
384 3985 430 4033 hus
441 3985 503 4033 besu
514 3986 603 4034 caused
614 3987 648 4051 by
659 4003 675 4034 a
685 3987 773 4036 failure
824 3987 989 4051 Septuaginta
1006 4006 1104 4053 quoquo
1120 3991 1156 4038 ita
1172 3990 1272 4051 habent,
1298 3997 1323 4040 et
1345 4009 1376 4040 ex

219 4067 248 4116 οἱ
255 4083 382 4130 mcmory;
393 4066 443 4114 eud
454 4082 569 4130 compare
580 4069 623 4116 the
631 4069 680 4117 last
688 4069 737 4117 lIne
746 4069 775 4117 of
821 4067 870 4116 illis
882 4068 954 4116 Philo
965 4069 984 4117 J
986 4069 1079 4130 udaeus,
1092 4087 1122 4119 sc
1138 4088 1223 4122 omnes
1236 4074 1316 4122 Grseci
1329 4074 1375 4122 Pa·

218 4148 269 4196 this
280 4149 390 4210 chapter.
425 4147 556 4211 Itmaybe
567 4148 771 4209 observsd,how·
821 4153 880 4210 tres,
890 4156 994 4214 excepto
1002 4150 1149 4216 Epiphanio,
1160 4154 1266 4216 incuius
1275 4155 1371 4205 Haeros.

218 4278 283 4323 ever,
296 4263 444 4311 thatinthc
456 4262 542 4327 Syriae
558 4224 657 4322 ΜΩ
678 4278 771 4312 amur.
819 4229 950 4375 ιόέἐονῧζέ
965 4235 1375 4380 Σῐῑὲοῑήζξξέζῖἑυὲθὸΰῑᾍζῖῧῗ

217 4366 293 4428 dmi,
316 4369 367 4418 'md
450 4373 463 4433 2
489 4388 505 4420 α
524 4370 582 4432 limi
601 4373 664 4422 hm
686 4372 771 4422 leiim
820 4393 872 4442 The
883 4396 935 4444 AB.
949 4396 1043 4459 merely
1053 4397 1129 4448 alters
1140 4399 1182 4447 the
1197 4400 1312 4463 position,
1326 4414 1375 4449 uon

217 4465 246 4514 of
258 4466 301 4514 the
312 4483 379 4516 sema
390 4484 475 4533 orgae,
492 4470 542 4520 and
559 4487 600 4520 ure
613 4472 671 4522 osa
687 4473 770 4537 partly
820 4475 1086 4528 madescimus.

216 4546 311 4596 similar
321 4549 409 4600 sound.
869 4556 880 4588 ⁴
897 4557 1118 4610 consumtum.
