3000 4994
286 325 353 393 416
635 343 798 397 unusne
824 343 1094 397 rnrurnuunm

145 517 248 603 &phut
285 493 467 583 mysterium
489 492 597 581 glories
617 494 770 570 filiorum
794 495 1053 580 quemadmodum
1074 494 1177 560 David
1198 493 1263 560 ait:
1292 493 1356 574 Qui
1380 495 1445 558 ¹re·

121 610 274 696 <impp-tt
286 597 410 661 roeaeit
423 597 544 681 faciem
565 605 667 661 terra.
713 596 864 662 Promisit
876 598 983 662 bibere
998 598 1037 663 de
1056 597 1258 685 generatione
1272 596 1349 661 vitis
1371 617 1445 661 cum

124 703 272 787 Q
287 701 353 765 suis
375 701 543 786 discipulis,
560 708 724 787 utrumque
744 701 920 777 ostendens,
936 710 969 765 et
986 700 1201 766 baereditatem
1221 709 1314 765 terrae
1330 698 1364 762 in
1383 719 1445 785 qua

124 819 152 860 1³·
167 819 248 860 eut-eu
286 803 404 868 bibitur
428 825 508 869 nova
532 804 693 891 generatio
714 803 797 881 vitis,
821 812 855 868 et
879 804 1033 868 semelem
1059 803 1317 868 resurrectionem
1353 801 1445 867 disci-

287 904 429 992 pulomm
452 908 530 994 ejus.
575 908 654 990 Qum
680 906 762 971 enim
789 928 869 971 nova
894 907 1029 992 resurgit
1052 928 1134 984 cero,
1155 906 1223 991 ipsa
1245 915 1296 971 est
1317 926 1390 992 quse
1411 911 1445 969 et

286 1030 399 1072 novum
415 1009 552 1096 percepit
574 1009 730 1096 poculum.
775 1009 886 1095 Neque
902 1018 1007 1074 sutem
1031 1032 1154 1074 sursum
1175 1009 1206 1072 in
1226 1005 1443 1095 supercoelesti

286 1109 354 1176 loco
377 1112 566 1176 constitutus
589 1134 660 1177 cum
686 1112 762 1190 suis,
787 1120 892 1198 potest
926 1111 1056 1199 intelligi
1081 1112 1191 1176 bibens
1214 1110 1287 1175 vitis
1311 1130 1441 1197 genere-

285 1214 423 1290 tionem;
447 1236 548 1299 neque
571 1235 678 1279 rursus
699 1215 768 1280 sine
791 1236 884 1280 cerne
905 1223 989 1291 sunt,
1013 1215 1066 1300 qui
1088 1214 1200 1278 bibunt
1221 1213 1315 1277 illud:
1340 1211 1444 1278 cernis

285 1317 367 1382 enim
383 1319 538 1405 proprium
554 1326 604 1383 est
618 1327 651 1382 et
665 1339 727 1381 non
742 1317 881 1404 spiritus,
897 1316 949 1403 qui
965 1339 1005 1382 ex
1021 1317 1085 1381 vite
1099 1316 1252 1402 accipitur
1266 1325 1374 1403 potus.

120 1431 262 1517 ,tgna-¹⁹·
351 1425 379 1487 2.
427 1421 470 1485 Et
486 1429 612 1505 propter
625 1420 685 1486 hoc
700 1420 824 1485 dicebat
840 1420 1013 1485 Dominus:
1045 1421 1142 1484 ²Oum
1156 1418 1245 1503 sacis
1253 1418 1442 1504 prandiam,

283 1522 331 1587 eei
344 1545 468 1600 emnam,
484 1521 548 1587 nobi
563 1545 670 1587 necare
689 1523 809 1598 diuites,
825 1544 919 1609 neque
940 1523 1051 1586 amieos
1065 1531 1094 1585 et
1116 1521 1229 1585 vicisses
1249 1531 1278 1585 et
1293 1529 1441 1606 rapsatur,

282 1648 320 1691 ue
333 1628 395 1712 ipsi
409 1628 538 1691 inuicem
552 1636 654 1690 aaceut
668 1636 705 1703 te,
722 1636 751 1691 et
760 1629 824 1709 fiat
844 1625 1005 1691 retributio
1019 1624 1058 1689 ab
1075 1626 1137 1689 eis:
1160 1624 1215 1688 sed
1228 1646 1302 1688 caea
1317 1623 1444 1687 claudas

282 1750 381 1807 caeos,
397 1729 553 1804 nmudicos,
569 1737 596 1791 et
611 1725 714 1792 beatus
728 1729 798 1805 eris,
814 1729 957 1814 quoniam
974 1749 1032 1792 aou
1048 1726 1157 1791 babeat
1178 1725 1350 1791 retribuere
1364 1724 1442 1791 tibi:

283 1830 469 1896 retribuetur
493 1833 573 1896 enim
598 1830 707 1895 tibiis
728 1832 946 1896 resurreetione
960 1830 1124 1915 justarum.
1171 1829 1215 1893 Et
1237 1829 1353 1894 iterum
1375 1829 1440 1894 ait:
1453 1856 1476 1896 a.
1499 1864 1500 1871 κ

117 1935 270 2023 ffiglffvfp
285 1933 462 2020 Quicunque
476 1934 628 1999 dimiserit
642 1955 740 2019 apros,
752 1944 809 1997 aut
822 1933 929 2008 demas,
941 1943 997 1997 aut
1005 1943 1159 2018 parentes,
1171 1941 1229 1995 aut
1234 1934 1374 2017 fratres,
1386 1941 1442 1997 aut

117 2031 188 2075 ’Μ
272 2035 360 2117 filios
375 2047 505 2122 propter
529 2059 585 2113 rue,
607 2036 779 2123 centuplum
802 2037 934 2123 arripiet
957 2038 992 2101 in
1012 2036 1065 2100 boe
1083 2035 1200 2110 sarab),
1226 2044 1253 2099 et
1276 2035 1311 2099 iu
1325 2037 1443 2118 future

280 2139 377 2202 uitam
388 2149 535 2202 aeternam
549 2140 751 2205 hereditabit.
798 2140 896 2222 aQuae
918 2140 1002 2204 enirn
1025 2148 1099 2203 sunt
1114 2139 1146 2202 in
1161 2138 1221 2203 hoa
1235 2137 1355 2202 saeculo
1370 2160 1442 2203 cen·

279 2241 376 2326 tupls‚
393 2252 426 2306 et
447 2243 577 2328 prandia
598 2243 738 2308 exhibita
760 2243 956 2328 pauperibus,
978 2253 1010 2307 et
1032 2264 1131 2307 eoeoae
1154 2263 1224 2328 quae
1245 2243 1443 2306 redduntur!

281 2346 363 2411 Haec
378 2356 451 2410 suut
466 2347 498 2409 in
520 2347 621 2434 Regni
645 2347 846 2431 temporibus,
862 2346 921 2410 hoc
944 2355 993 2410 est
1015 2347 1046 2408 in
1069 2345 1204 2431 septima
1224 2344 1284 2421 die,
1301 2366 1374 2430 quae
1392 2353 1441 2409 est

279 2451 483 2526 sanctificata,
499 2451 530 2514 in
547 2474 608 2538 qua
623 2452 773 2538 requievit
790 2452 877 2515 Deus
891 2452 931 2515 ab
946 2451 1090 2514 omnibus
1105 2450 1251 2535 operibus
1266 2471 1339 2535 qum
1355 2450 1439 2525 tecit,

279 2562 422 2639 quaeest
449 2576 555 2618 verum
578 2557 735 2640 justorum
766 2554 942 2630 sabbatum,
966 2552 999 2616 in
1022 2575 1083 2639 qua
1108 2574 1170 2615 non
1196 2552 1315 2615 facient
1346 2574 1440 2617 omne

277 2663 435 2720 terrenum
462 2679 560 2741 opus;
596 2658 652 2721 sed
675 2657 870 2741 adjacentem
897 2655 1056 2720 habebunt
1080 2664 1222 2741 paratam
1250 2675 1397 2719 mensam
1419 2677 1440 2719 a

279 2757 360 2834 Deo,
376 2768 556 2843 pascentem
571 2781 625 2823 eos
640 2759 739 2845 epulis
754 2758 908 2823 omnibus.

344 2863 375 2924 3.
422 2862 690 2942 Quemadmodum
711 2870 744 2925 et
766 2861 856 2925 Isaac
878 2861 1035 2925 ⁴continet
1058 2860 1244 2936 benedictio,
1263 2883 1327 2945 qus
1345 2863 1440 2926 bene·

114 2985 241 3025 omaus
279 2962 359 3026 dixit
381 2961 478 3026 filium
504 2964 655 3028 minorem
678 2963 803 3029 Jacob:
827 2964 916 3040 Eece,
936 2964 1053 3040 dicens,
1078 2964 1151 3027 oder
1164 2963 1234 3045 fittt
1251 2965 1323 3040 mei,
1348 2966 1440 3050 quasi

113 3035 264 3134 dissutas.
278 3065 351 3128 odor
372 3067 444 3150 apri
465 3066 574 3151 *pleni
590 3088 676 3151 quem
700 3066 850 3132 benedicit
871 3067 966 3131 Deus.
1009 3069 1096 3153 Aper
1111 3077 1213 3130 autem
1235 3068 1372 3131 muudus
1387 3077 1438 3143 est,

112 3191 240 3275 qenssxxvn.
277 3176 310 3232 et
325 3178 487 3252 propterea
507 3168 644 3233 addidit:
669 3167 732 3232 Det
750 3168 808 3232 tibi
829 3169 916 3233 Deus
933 3169 971 3233 de
993 3191 1061 3233 rore
1083 3168 1159 3243 eoebi,
1176 3178 1205 3232 et
1227 3189 1249 3230 a
1261 3170 1439 3252 fertilitate

137 3267 143 3283 '
177 3263 182 3275 '
277 3279 377 3346 terrae,
402 3269 626 3333 multitudinem
652 3270 760 3346 tritici,
784 3280 812 3335 et
837 3271 915 3335 ciui.
936 3305 937 3310 1
960 3270 1005 3334 Er
1027 3271 1165 3334 serviant
1192 3268 1250 3333 tibi
1269 3281 1386 3356 pentes,
1412 3280 1440 3335 et

326 3423 405 3473 luat
427 3425 567 3474 ἀνακαανιεῖς
589 3425 617 3472 τὸ
639 3424 768 3487 πρόσωπον
786 3428 830 3487 τῆς
877 3425 974 3474 cesione
992 3425 1068 3488 hujus
1082 3426 1219 3485 sententiar,
1239 3427 1344 3490 quidam
1363 3429 1439 3477 intre·

276 3509 330 3570 γῆς,
345 3507 481 3555 euntmba
494 3506 610 3555 Desidia.
648 3506 680 3553 Iu
700 3522 753 3569 quoe
767 3523 827 3556 cam·
876 3506 973 3554 ducunt
984 3507 1052 3554 mille
1062 3512 1205 3570 annospost
1217 3509 1435 3568 resurrectionem,

276 3597 385 3638 mentam
397 3587 516 3650 Oripeues,
529 3587 593 3636 inter
603 3586 667 3634 alias
677 3588 829 3648 expositiones
876 3587 985 3635 dieentes
996 3591 1058 3635 tunc
1071 3587 1142 3636 nobis
1160 3588 1307 3651 centuplum
1324 3591 1439 3640 omniurn

275 3672 340 3721 baur
353 3687 443 3734 quaque
460 3671 529 3732 affert
543 3670 570 3717 iu
584 3669 651 3717 dicta
664 3668 755 3718 Calena
769 3671 825 3722 Ms.
876 3684 967 3728 rerum,
975 3670 1190 3732 quusdimisimus,
1199 3670 1310 3719 etvitam
1316 3678 1439 3722 aeternam

277 3756 328 3804 Kal
342 3757 422 3803 ἄλλως
439 3755 471 3812 δὲ,
487 3752 549 3815 byei
563 3753 770 3812 ἀπαλλαγήσεται
785 3755 828 3812 τῆς
876 3749 1026 3797 reddendam
1035 3767 1039 3798 :
1049 3786 1054 3797 .
1064 3787 1070 3797 .
1081 3766 1182 3798 .sensns
1191 3767 1250 3814 ergo
1262 3753 1311 3802 iste
1323 3760 1376 3805 est:
1389 3755 1439 3815 Qui

276 3838 374 3899 φθορᾶς,
387 3837 450 3883 κατὰ
465 3834 622 3883 Ἀπόστολον.
653 3832 688 3880 Et
699 3832 770 3881 aliter
784 3850 827 3883 eu·
877 3830 1041 3894 earnaliapro
1051 3831 1180 3879 Salvatore
1188 3831 1321 3894 dimiserit,
1337 3837 1439 3899 spiritu·

275 3923 333 3975 tem,
356 3916 433 3964 Terra
454 3915 598 3964 liberabitur
621 3930 637 3961 a
660 3913 824 3977 corruptione,
876 3913 925 3961 alia
935 3913 1044 3976 recipiet,
1052 3929 1108 3976 quse
1116 3916 1339 3978 comparationeet
1347 3919 1440 3968 meritc

272 3998 347 4062 juxta
369 3996 537 4060 Apostolum:
570 3994 637 4057 ardea
658 3993 729 4042 verba
756 3994 824 4043 Rem.
875 3994 914 4042 sui
936 3994 973 4041 its
990 3999 1072 4050 erunt,
1095 3995 1167 4057 qussi
1185 3995 1206 4043 si
1225 4012 1307 4059 parvo
1330 4014 1439 4048 numero

276 4080 327 4128 viii.
354 4093 392 4136 rr,
414 4077 481 4126 Ireu.
502 4076 580 4139 capite
599 4074 746 4138 precedenti
767 4075 825 4124 albe·
875 4074 1159 4123 centenariusnumerus
1170 4084 1339 4140 comparetur.
1362 4081 1439 4130 Unde

272 4161 347 4222 pauit.
369 4159 419 4209 Ga.
875 4156 935 4203 dicit
952 4155 1096 4218 Apostolus,
1118 4156 1161 4219 qui
1178 4173 1256 4206 unam
1274 4164 1380 4211 tuntum
1394 4163 1438 4211 do·

324 4240 336 4272 ¹
353 4241 419 4289 Both
428 4240 477 4288 this
488 4238 537 4287 and
549 4239 592 4286 the
601 4237 726 4300 following
737 4243 824 4300 quote·
874 4254 951 4297 mum,
970 4242 996 4286 et
1012 4238 1086 4287 unius
1102 4240 1237 4302 provincias
1254 4257 1350 4305 parvos
1362 4262 1440 4310 agros

275 4324 327 4371 tion
339 4340 381 4372 are
391 4323 484 4385 loosely
495 4321 587 4385 quoted
599 4320 663 4368 from
680 4334 798 4384 memory.
874 4319 1007 4377 dimisemt,
1032 4333 1044 4365 r
1065 4318 1120 4367 Cor.
1141 4321 1174 4369 vi.
1211 4321 1293 4380 Quasi
1307 4326 1377 4374 nibil
1393 4327 1439 4376 ba·

323 4403 334 4435 ⁸
350 4404 517 4466 Hieronymus
530 4403 619 4452 Garum.
633 4401 662 4448 ire
670 4399 758 4449 Meet.
771 4402 822 4449 xix.
873 4399 955 4458 benus,
966 4406 986 4447 et
997 4398 1081 4446 amaia
1089 4400 1244 4461 perciderim.
1264 4403 1333 4454 qu,

270 4492 408 4546 praessum
421 4484 609 4546 septemium,
624 4481 721 4530 semiue
736 4481 825 4530 Irenoes'
921 4479 933 4511 ⁴
950 4481 993 4528 τοῦ
1004 4479 1089 4529 Ἰσαὰκ
1100 4483 1190 4542 κρατεῖ,
1201 4483 1219 4531 i.
1229 4500 1251 4534 e.
1265 4486 1337 4536 vala.

273 4566 351 4627 tacito,
364 4581 392 4615 ee
402 4565 445 4615 ber
459 4565 508 4615 laea
520 4565 557 4614 ita
567 4565 709 4613 incedatur:
725 4562 764 4610 Ex
776 4578 815 4611 oc·
919 4561 931 4592 ⁸
947 4559 1034 4609 Lxx.
1053 4561 1084 4612 «it
1095 4563 1159 4622 ὀσμὴ
1171 4564 1378 4630 ἀγροῦπλήρους,
