3000 4994
450 354 708 408 spunsarum
725 356 918 412 cumsrus
1193 344 1260 415 317

106 526 176 590 quae
191 505 252 570 fuit
270 527 291 570 a
302 507 372 572 Deo
392 508 562 594 adspiratio
576 509 650 575 vitae
664 510 732 575 unit
734 533 754 575 a
767 510 912 597 plasmati
926 511 1075 578 animavit
1089 511 1257 591 hominem,
1276 530 1334 616 Lug
1338 530 1397 617 νγ..
1359 530 1389 570 -1
1399 533 1419 572 a

105 616 138 671 et
163 608 278 673 animal
305 610 487 675 rationabile
510 613 665 688 ostendit;
696 614 743 679 sic
772 614 803 677 in
830 614 892 679 fine
915 613 1058 679 Verbum
1088 615 1194 679 Patris
1225 623 1257 681 et
1270 623 1420 663 ”effi-Vl&

104 709 241 796 Spiritus
267 713 338 793 Dei,
368 714 516 780 adunitus
541 717 679 802 antiquae
708 717 893 782 substantiae
920 715 1133 803 plasmationis
1163 717 1256 797 Adae,
1273 699 1422 709 “—

103 813 257 878 viventem
279 824 312 879 et
336 817 509 901 perlectum
539 818 659 883 leffecit
687 819 855 896 hominem,
885 819 1060 904 capientem
1085 820 1257 904 perlectum

104 913 251 981 Patrem:
277 927 312 982 ut
333 920 592 1005 quemadmodum
613 921 644 984 in
664 921 790 985 animali
810 943 918 987 omnes
941 923 1055 987 mortui
1076 945 1194 1003 sumus,
1209 925 1255 990 sic
1269 949 1418 989 reserari.

102 1017 135 1081 in
146 1019 277 1102 spiritali
293 1043 401 1086 omnes
415 1022 614 1088 vivificemur.
660 1023 733 1088 Non
749 1024 832 1088 enim
847 1024 956 1111 effugit
967 1024 1133 1110 aliquando
1149 1026 1254 1091 Adam

102 1145 213 1187 manus
230 1124 301 1203 Dei,
316 1126 357 1189 ad
371 1147 449 1212 quas
468 1127 566 1191 Pater
579 1127 719 1213 loquens,
734 1127 829 1191 dicit:
853 1128 1024 1193 Faciamus
1044 1129 1190 1194 hominene
1211 1130 1257 1194 ad
1267 1162 1380 1202 amun

102 1226 266 1311 imag-inem
288 1238 316 1292 ot
334 1229 568 1294 similitudinem
583 1241 728 1295 nostram.
773 1231 819 1294 Et
834 1238 961 1316 propter
978 1230 1038 1297 hoc
1058 1232 1091 1295 in
1111 1232 1173 1297 fine
1190 1254 1254 1298 non

102 1350 141 1393 ex
153 1328 311 1396 voluntate
326 1332 438 1410 carnis,
454 1355 554 1418 neque
569 1355 608 1398 ex
629 1333 789 1398 voluntate
805 1333 870 1411 viri,
886 1334 941 1397 sed
962 1355 1001 1398 ex
1016 1334 1130 1419 placito
1147 1336 1254 1402 Patris
1264 1363 1313 1404 roa
1323 1362 1338 1404 ι.
1348 1364 1376 1404 ra

100 1453 210 1496 manns
225 1435 294 1521 ejus
308 1435 408 1499 vivum
424 1439 618 1521 perfecerunt
626 1436 794 1516 hominem,
812 1436 874 1503 ¹uti
890 1438 947 1504 fiat
962 1438 1068 1503 Adam
1082 1438 1253 1506 secundum

101 1534 267 1622 imaginem
282 1546 314 1602 et
328 1537 561 1605 similitudinem
577 1539 648 1605 Dei.

588 1872 691 1938 OAP.
715 1870 763 1937 ll.

101 2007 265 2083 Christus
290 2035 363 2084 non
387 2008 482 2084 vonit
505 2008 547 2083 in
572 2009 695 2083 alieno
719 2036 802 2084 cum
832 2035 901 2083 suo
928 2035 992 2083 nos
1014 2008 1142 2107 gratio
1167 2008 1252 2085 υἱεῖ-

173 2126 284 2211 tecit:
311 2133 358 2219 et,
377 2125 497 2201 Corui
517 2140 645 2201 nostro
663 2127 811 2201 contulit
829 2151 1005 2224 coponem
1022 2153 1094 2202 esse
1110 2127 1249 2218 salotis,

173 2270 298 2318 oerum
328 2271 404 2343 pro
438 2243 540 2318 nobis
567 2244 795 2340 Sanguinem
819 2244 1025 2344 fundende,
1057 2271 1252 2344 veronaque

114 2396 117 2401 ⁴
175 2361 335 2434 Carnem
351 2387 458 2435 suam
475 2359 578 2435 nobis
596 2360 635 2434 in
651 2360 894 2434 Euchariston
911 2361 1118 2435 ecdidcoolo.

15 2589 21 2600 .
59 2564 74 2599 ·.
98 2549 127 2610 l.
152 2544 248 2608 Vani
265 2552 370 2609 autem
385 2553 418 2610 et
433 2545 486 2631 qui
501 2544 533 2608 in
547 2544 649 2609 aliena
663 2545 771 2609 dicunt
786 2544 891 2608 Deum
905 2544 1037 2621 venisse,
1053 2543 1137 2608 velut
1148 2543 1251 2609 aliena

99 2646 379 2732 concupiscentem,
406 2647 453 2712 uti
482 2669 554 2712 eum
583 2646 741 2711 hominem
765 2646 819 2732 qui
853 2647 895 2710 ab
917 2647 1016 2711 altero
1040 2647 1142 2711 sactus
1167 2655 1251 2712 esset

97 2750 257 2817 exhiberet
271 2750 300 2815 ei
317 2751 396 2828 Deo,
412 2751 465 2837 qui
480 2772 581 2835 neque
595 2750 721 2816 fecisset
736 2772 836 2836 neque
851 2751 1051 2830 condidisset,
1062 2751 1117 2815 sed
1132 2760 1165 2816 et
1180 2751 1251 2837 ²qui

97 2853 254 2918 desolatus
276 2864 359 2919 esset
381 2855 422 2919 ab
444 2854 533 2919 initio
554 2876 574 2918 a
595 2855 720 2939 propria
741 2855 901 2919 hominnm
922 2854 1136 2919 fabricatione.
1177 2854 1251 2918 Non

97 2979 171 3043 ergo
190 2957 295 3042 justus
317 2957 469 3022 adventus
490 2957 627 3044 ejusqui
648 2957 818 3021 secundum
837 2978 892 3022 eos
910 2956 1053 3021 ³advenit
1075 2956 1107 3019 in
1129 2954 1249 3031 aliena;

96 3083 196 3145 neque
211 3083 282 3127 vere
296 3083 354 3126 nos
368 3060 499 3125 redemit
508 3061 660 3148 sangnine
674 3082 741 3138 suo,
757 3060 784 3125 si
799 3082 862 3124 non
878 3083 949 3125 vere
964 3061 1058 3124 honro
1073 3060 1176 3125 lactus
1190 3067 1250 3139 est,

94 3172 272 3228 restaurans
295 3185 353 3228 suo
376 3163 521 3248 plasmati
547 3164 630 3249 quod
664 3163 782 3228 dictum
809 3164 913 3229 estin
942 3163 1106 3250 principio,
1131 3165 1251 3229 lactum

94 3289 164 3332 esse
186 3267 343 3332 hominem
367 3268 536 3331 secundnm
560 3267 727 3352 imaginem
753 3276 786 3333 et
810 3267 1044 3332 similitudinem
1074 3267 1156 3342 Dei;
1188 3290 1251 3334 non

93 3370 196 3434 aliena
217 3370 250 3433 in
268 3370 338 3434 dolo
361 3370 517 3454 diripiens
540 3370 596 3434 sed
618 3392 676 3433 sua
696 3370 821 3456 propria
843 3372 929 3458 juste
952 3378 984 3434 et
1008 3369 1142 3457 benigne
1163 3392 1250 3436 assu·
1336 3360 1338 3363 ¹

94 3495 199 3538 mens:
220 3482 370 3560 quantum
383 3473 498 3538 attinet
513 3473 638 3559 quidem
653 3474 693 3537 ad
708 3474 908 3558 apostasiam,
921 3475 1007 3562 juste
1021 3494 1079 3538 suo
1097 3473 1250 3560 sanguine

94 3575 249 3640 redimens
263 3597 321 3640 nos
338 3577 379 3640 ab
401 3597 455 3650 ea;
480 3585 630 3661 quantum
645 3584 751 3640 autern
765 3576 806 3639 ad
820 3598 888 3654 nos,
905 3575 957 3662 qui
981 3575 1112 3639 redemti
1129 3596 1249 3651 smnus,

93 3676 257 3763 ⁴benigne.
303 3676 389 3740 Nihil
409 3677 493 3740 enim
512 3676 556 3740 illi
573 3684 646 3741 ante
667 3677 819 3755 dedimus,
842 3699 942 3763 neque
962 3676 1119 3740 desiderat
1132 3675 1250 3760 aliquid

93 3800 113 3842 a
133 3778 233 3856 nobis,
251 3778 339 3865 quasi
360 3778 523 3866 indigens;
553 3800 611 3843 nos
633 3785 740 3842 autem
759 3779 935 3866 indigemus
955 3780 1023 3866 ejus
1042 3798 1113 3863 quae
1136 3784 1185 3841 est
1207 3776 1248 3841 ad

92 3902 165 3946 eum
188 3880 449 3946 ⁵communionis:
482 3889 515 3945 et
538 3889 701 3968 propterea
723 3881 875 3969 8benigne
895 3881 1005 3946 effudit
1035 3878 1247 3965 semetipsum,

141 4065 249 4128 ¹cffecit.
290 4067 341 4116 An.
360 4067 433 4129 efficit.
469 4067 520 4116 For
536 4066 573 4115 nti
589 4066 644 4128 fiat,
695 4069 819 4129 ἀλλότρια.
855 4067 900 4116 CL.
913 4065 1055 4115 andVoss,
1067 4063 1137 4115 venit.

93 4146 193 4197 Cossu.
207 4148 318 4210 rimficat.
743 4148 754 4180 ⁴
771 4148 877 4210 darique,
890 4149 1009 4209 χρηστῶς.

140 4228 215 4293 'qui
245 4230 364 4278 decedatur
392 4237 454 4290 met,
489 4230 647 4291 ἀπεστηρήθη
744 4230 822 4279 'Aa
843 4228 1014 4289 communione,
1032 4227 1077 4277 CL.
1097 4226 1148 4276 and
1164 4227 1245 4278 Voss.

92 4312 137 4359 ἀπ’
149 4314 225 4373 ἀρχῆς
236 4315 279 4373 τῆς
291 4314 554 4374 ἰδίας...δημιουργίας.
594 4311 647 4360 Tira
695 4311 890 4370 cornmunr'onem,
911 4311 957 4359 but
969 4311 1012 4358 tha
1024 4308 1106 4358 Greek
1121 4308 1247 4374 evidently

92 4396 192 4445 Cursu.
216 4394 261 4442 has
282 4395 326 4442 the
340 4393 398 4442 wild
420 4393 528 4455 reading,
552 4391 647 4454 quidam
695 4393 753 4453 had,
769 4393 906 4455 χρηῷμεθα
923 4393 966 4452 τῆς
981 4393 1013 4441 εἰς
1030 4392 1101 4440 αὐτὸν
1119 4391 1244 4442 κοινωνίαι.

91 4475 205 4523 redactur
216 4483 277 4535 eard,
292 4476 409 4539 omitting
421 4475 450 4523 ol)
461 4474 540 4524 initio.
744 4473 755 4505 ⁶
771 4474 869 4536 benigne
884 4473 975 4536 effudit,
998 4474 1040 4523 tha
1056 4472 1156 4522 (lunari.
1176 4473 1247 4524 onler

141 4556 152 4588 ³
169 4558 273 4617 advenit,
288 4559 395 4607 Arruns.
432 4559 556 4617 εἰσήλυθεν
571 4557 602 4605 εἰς
616 4556 648 4603 τὰ
695 4555 746 4605 and
757 4571 824 4605 moro
835 4555 941 4605 suitabla
952 4561 979 4605 to
990 4555 1033 4605 tho
1044 4553 1134 4605 Greek.

193 4665 268 4710 ror..
287 4665 320 4709 ιι.
1104 4643 1149 4707 ld
