3000 4994
243 366 285 428 86
731 371 915 425 eurusrus

102 551 205 638 L,¹,¹,³,·,¹l¹·
243 532 354 615 Repem
369 529 586 613 Assyriormrr3
610 526 731 592 occulte
751 526 886 612 quidem,
909 526 964 589 sed
986 531 1131 609 potenter
1154 522 1274 586 ¹omnio
1296 520 1395 585 mani-

78 644 230 730 flffitgepplt·
244 634 371 710 lestans,
387 631 533 718 quonism
549 633 717 696 ²absconso
736 652 830 693 manu
846 629 1045 714 expugnabat
1061 626 1215 691 Dominus
1230 623 1395 689 Amalech.

126 741 195 775 ma
247 735 382 820 Propter
403 735 463 799 hoc
485 743 518 799 et
536 756 647 820 pueros
661 733 823 818 eripiebat,
845 732 897 817 qui
918 740 1007 797 erant
1024 730 1057 793 in
1078 731 1170 794 domo
1188 729 1301 806 David,
1316 728 1396 791 bene

81 811 229 821 ——--—.

81 847 207 937 ,Bpfflpglt
246 838 348 902 sortiti
372 837 424 901 illo
442 846 582 923 tempore
601 836 698 914 nasei,
719 843 755 899 ut
774 857 828 900 eos
847 835 1051 921 premitteret
1071 834 1104 897 in
1128 855 1220 897 suum
1243 852 1395 918 regnum

82 940 151 980 m·
247 940 314 1024 ipse
343 939 448 1003 infans
479 961 551 1003 oum
587 949 680 1013 esset,
711 937 864 1001 ³infsntes
893 937 1054 1001 hominum
1083 944 1236 1020 martyres
1271 954 1396 1017 parans,

247 1052 371 1126 propter
396 1042 566 1118 Christum,
589 1041 642 1125 qui
666 1041 698 1104 in
720 1039 883 1104 Bethleem
906 1048 1000 1103 natus
1022 1046 1072 1103 est
1094 1037 1190 1102 Judae
1216 1036 1397 1101 incivitate

83 1166 174 1206 uasti.
184 1165 213 1203 rs.
248 1143 362 1219 David,
380 1143 560 1208 interfectos
574 1142 746 1207 secundum
762 1141 949 1226 Scripturas.

313 1253 344 1312 5.
389 1247 522 1331 Propter
540 1247 623 1332 quod
641 1255 673 1310 et
693 1245 848 1309 Dominus
867 1244 1026 1329 discipulis
1047 1251 1119 1330 post
1140 1242 1397 1308 resurrectionem

82 1367 134 1406 tue
143 1366 233 1409 :sves
247 1349 389 1414 dicebat:
417 1349 443 1412 0
457 1349 614 1426 insessori,
630 1358 658 1413 et
672 1348 759 1412 tardi
774 1347 862 1411 eorde
875 1347 921 1410 aal
934 1347 1116 1411 eredendum
1132 1347 1167 1409 io
1181 1343 1316 1409 ommibus
1330 1366 1398 1429 ques

80 1413 110 1454 m
248 1451 341 1515 loortti
367 1460 438 1515 suat
461 1451 627 1536 prophetas.
672 1451 783 1515 Nosne
811 1449 874 1513 lroeo
901 1447 1053 1534 oportebat
1076 1449 1149 1533 pati
1176 1448 1339 1525 Christum,
1370 1456 1399 1510 et

82 1570 226 1660 pepp-47
248 1554 377 1618 introire
392 1555 427 1618 io
441 1555 614 1618 claritatem
628 1553 741 1618 suam?
779 1553 824 1617 Et
839 1553 951 1616 iterum
966 1551 1012 1615 sit
1026 1551 1090 1615 eis:
1115 1551 1163 1614 Hi
1174 1560 1245 1614 sant
1254 1572 1398 1614 serrmaes
1411 1563 1439 1602 M·
1449 1564 1493 1602 Μ

106 1645 112 1663 ’
146 1647 151 1664 ’
184 1644 190 1661 ’
227 1643 319 1742 ¹qaos
345 1657 460 1721 hastas
484 1679 550 1721 serere
575 1657 620 1720 ad
641 1678 700 1734 vos,
727 1677 795 1719 orem
823 1656 924 1719 adleta
952 1677 1039 1719 essem
1068 1653 1226 1730 aedissam,
1256 1654 1399 1738 quoniam

247 1769 361 1844 oportet
390 1759 514 1844 impleri
543 1760 645 1823 onznia
673 1759 790 1843 scripta
820 1760 854 1823 io
883 1757 945 1842 iope
969 1758 1086 1849 Mopsi,
1117 1766 1145 1821 et
1167 1757 1340 1841 Prophetis,
1372 1765 1399 1820 et

248 1861 387 1926 Psalmis
409 1862 447 1927 de
472 1883 529 1927 me.
577 1863 662 1926 Tenc
685 1862 856 1947 adoperuit
875 1882 975 1926 eoram
993 1882 1121 1938 sessum,
1142 1870 1177 1924 st
1197 1859 1400 1944 imellipereot

248 1965 439 2048 Scripturas,
467 1974 495 2028 et
517 1964 598 2028 diere
623 1965 668 2028 ad
692 1987 760 2030 eos:
788 1965 938 2043 anoiam
959 1964 1004 2028 sio
1028 1965 1177 2048 scriptam
1198 1971 1249 2040 est,
1274 1964 1335 2047 ⁴[et
1355 1962 1400 2026 sio

249 2064 416 2152 oportebat]
436 2067 591 2130 Christum
599 2068 682 2151 pati,
702 2076 729 2131 et
746 2088 902 2153 reserpere
922 2090 943 2130 a
965 2067 1101 2144 mortuis,
1124 2075 1153 2130 et
1166 2064 1345 2151 praedicari
1365 2067 1400 2127 io

249 2169 368 2232 momine
392 2170 456 2252 ejas
483 2170 696 2258 [penitentiam
718 2167 769 2254 io]
795 2170 997 2234 remissionem
1019 2178 1216 2255 peecatorum
1238 2169 1273 2232 irs
1301 2188 1399 2231 omues
1412 2195 1488 2233 aro.

85 2294 235 2335 uestrae.
246 2281 357 2356 pestes.
402 2271 664 2350 Hiesutemest,
684 2273 737 2359 qui
757 2273 923 2337 estris
945 2281 1115 2338 natusest.
1162 2273 1285 2358 Oportet
1309 2270 1399 2344 atim,

82 2340 233 2381 “Luam
249 2372 360 2457 inquit,
375 2374 500 2439 Filiam
513 2375 643 2439 tamisis
657 2375 754 2439 malta
768 2376 853 2460 pati,
870 2385 898 2440 et
911 2375 1080 2461 reprobari,
1099 2385 1127 2440 et
1141 2375 1288 2459 cram‘fipi,
1304 2382 1332 2438 et
1350 2373 1402 2435 die

248 2479 337 2543 tertio
351 2499 517 2563 reserpere.
562 2478 635 2544 Non
655 2501 731 2564 ergo
749 2480 882 2545 alterum
899 2480 1015 2544 Filium
1032 2480 1181 2544 Hominis
1196 2479 1282 2542 novit
1298 2478 1401 2542 Evan-

247 2581 374 2666 gelinm,
399 2582 460 2646 nisi
486 2582 570 2647 huno
595 2583 711 2669 quiex
742 2583 854 2662 Maria,
877 2585 929 2669 qui
954 2591 987 2648 et
1013 2605 1123 2669 passus
1146 2590 1205 2661 est,
1224 2585 1280 2647 sed
1302 2605 1402 2669 neque

250 2683 410 2749 Christum
423 2685 598 2750 evolantem
613 2694 687 2750 snte
702 2686 878 2771 passionem
893 2688 934 2750 ab
948 2686 973 2749 J
974 2708 1049 2761 esu3
1074 2687 1128 2750 sed
1144 2686 1226 2750 huno
1242 2685 1293 2771 qui
1309 2696 1402 2750 natus

249 2793 308 2864 est,
324 2786 437 2852 Jesum
453 2787 612 2852 Christum
628 2788 714 2852 novit
736 2788 797 2852 Dei
822 2787 947 2866 Filium,
966 2798 999 2853 et
1017 2790 1149 2853 eundern
1171 2789 1254 2853 huno
1275 2811 1403 2873 passum

250 2889 464 2967 resurrexisse,
491 2889 752 2974 quemadmodum
777 2888 944 2955 Johonnes
974 2890 1102 2954 Domini
1130 2890 1299 2976 discipulus
1328 2912 1402 2955 oon·

249 2991 363 3066 firmat,
380 2991 504 3055 dicens:
529 2991 607 3054 Horo
621 3001 722 3056 netem
736 2993 854 3077 scripta
868 3003 947 3070 sam,
960 3002 995 3057 at
1009 2993 1140 3057 credatis
1154 2995 1298 3079 qaooiam
1311 2994 1403 3058 Jesus

250 3103 292 3156 est
302 3098 314 3134 ὅ
323 3093 460 3157 Christos
470 3094 659 3178 Ftttaejlret
676 3103 704 3159 et
717 3105 752 3158 at
766 3095 916 3159 eredentes
930 3097 1025 3160 wem
1040 3101 1204 3161 torentem
1218 3095 1354 3161 lateatis
1368 3098 1403 3160 ia

249 3195 368 3258 sora-iae
391 3197 475 3278 ejas·
500 3195 665 3280 providens
691 3196 750 3261 has
779 3196 976 3282 blasphemes
1005 3198 1139 3284 regulas,
1165 3220 1235 3285 quae
1261 3199 1403 3262 dividunt

250 3296 431 3374 Dominum,
447 3305 597 3382 quantum
613 3321 652 3363 ex
668 3299 744 3385 ipsis
755 3300 881 3378 attinet,
897 3323 937 3365 ex
952 3301 1051 3365 altero
1065 3310 1098 3365 et
1112 3301 1213 3365 alters
1227 3301 1403 3365 substantia

249 3398 389 3463 dicentes
406 3421 478 3463 eum
493 3399 620 3465 laetum.
667 3401 802 3486 Propter
816 3402 899 3488 quod
920 3411 952 3467 et
967 3402 1000 3464 in
1014 3402 1147 3487 epistola
1160 3424 1218 3466 sue
1232 3403 1277 3468 sie
1293 3403 1402 3468 testifi-

85 3519 224 3613 ppoppprs.
249 3508 339 3565 cetus
367 3510 416 3566 est
441 3503 549 3567 nobis:
573 3503 696 3583 Filioli,
726 3505 889 3570 esthama
917 3505 994 3570 lora
1020 3515 1071 3584 est,
1100 3515 1129 3570 et
1154 3507 1404 3591 quemadmodum

298 3658 308 3690 ¹
326 3659 456 3708 Msssuur
472 3660 568 3709 csnoels
582 3661 664 3709 onznia
679 3678 707 3710 as
720 3662 745 3710 in
760 3663 802 3711 tho
852 3677 912 3723 qaeu
922 3662 1092 3710 tormentillae
1098 3669 1232 3710 mmtroram
1240 3662 1312 3711 MSS.
1325 3661 1404 3711 Codes

248 3740 377 3800 Arme,
392 3741 438 3788 but
449 3741 650 3805 testimonyisin
661 3742 694 3790 its
706 3742 800 3792 isrour.
852 3742 928 3803 ltodet,
948 3759 1053 3804 quosque
1067 3744 1146 3806 ploro
1163 3745 1197 3792 N.
1212 3744 1238 3792 Τ.
1257 3744 1404 3807 amplos-io

249 3821 277 3869 It
293 3837 351 3886 moy
368 3827 494 3885 represent
511 3822 554 3870 the
567 3822 694 3872 adverbiol
711 3825 799 3883 πάντα,
853 3824 919 3874 lom
940 3832 1001 3874 notes
1023 3840 1072 3872 eoo
1090 3833 1228 3887 opressum.
1263 3825 1333 3890 'l'hcy
1352 3842 1401 3885 arc,

248 3902 288 3949 for
305 3903 368 3950 rard
386 3902 474 3961 πάντα,
494 3901 537 3949 the
550 3902 682 3966 preceding
700 3905 803 3954 δυνατῶς
852 3907 981 3967 therefore,
1005 3906 1108 3955 marked
1132 3924 1160 3956 os
1187 3907 1311 3958 doubtful.
1352 3907 1405 3956 The

248 3983 393 4047 precluding
410 3984 453 4032 the
470 3999 514 4032 use
532 3984 561 4032 of
576 3986 678 4034 πάντως.
745 4004 752 4015 ·
853 3988 940 4053 Syriae
951 3989 996 4038 hos
1008 3991 1085 4038 thern.

295 4063 375 4113 'Art¹
389 4065 488 4125 occulto,
502 4067 537 4130 by
547 4066 717 4115 assimilstion.
901 4069 1047 4131 “Christus
1071 4071 1194 4120 csnoolled
1215 4071 1251 4135 hy
1269 4071 1356 4120 Msss.
1377 4089 1404 4120 ss

297 4144 308 4177 ⁸
324 4146 465 4210 Martyrum
471 4147 551 4209 flores,
564 4164 592 4196 ss
607 4149 728 4196 Orontes
741 4165 802 4212 very
852 4151 943 4200 missod
953 4151 978 4199 in
991 4153 1034 4200 the
1045 4152 1099 4212 On,
1110 4153 1190 4203 Voss.
1205 4152 1292 4213 MSS„
1305 4153 1351 4201 but
1361 4153 1404 4201 the

248 4227 394 4293 besutisully
403 4230 461 4278 calls
473 4231 516 4278 the
524 4231 650 4295 martyred
661 4231 800 4281 innocente.
851 4233 902 4281 AB.
916 4233 1000 4293 hesit,
1014 4251 1041 4283 ss
1052 4234 1104 4284 also
1116 4235 1159 4283 the
1171 4235 1226 4299 Syr.
1239 4234 1373 4297 snqulg.

248 4309 348 4357 Cossu.
362 4310 496 4373 Martyres.
901 4314 1053 4367 ⁶aeteme1n.
1088 4317 1171 4366 Vocem
1188 4319 1288 4376 αἰώνιον,
1306 4331 1359 4378 quo
1376 4315 1405 4364 irs

296 4389 307 4419 ⁴
323 4390 375 4439 The
384 4393 464 4441 words
470 4394 584 4443 included
591 4394 679 4445 within
687 4395 802 4445 brackets
851 4397 939 4446 esuris
949 4398 1101 4461 Brortqelicr's
1111 4399 1187 4451 codd.
1200 4415 1249 4448 noo
1259 4405 1339 4459 emtot,
1355 4398 1405 4447 Ire·

248 4485 311 4519 were
327 4472 436 4520 restored
454 4474 488 4538 by
505 4475 678 4538 Funerum,
697 4478 747 4526 snd
764 4493 801 4526 re·
851 4494 919 4528 itoeus
929 4478 957 4528 ia
968 4479 1133 4529 snoodditam
1143 4480 1365 4540 tabuisseoidetar,
1378 4487 1405 4528 at

247 4550 332 4599 tsined
348 4551 382 4615 by
402 4552 503 4615 error,
528 4557 660 4623 obsorving
678 4559 800 4621 however,
850 4560 962 4624 espen,
976 4562 1064 4624 emto,
1076 4561 1166 4626 aliique
1176 4562 1216 4614 Or.
1226 4561 1276 4613 Ine.
1300 4562 1403 4612 Gerus.
