3000 4994
246 332 311 398 104
588 348 698 403 HOMO
724 349 844 402 SIMUL
867 349 914 402 ET
939 349 1049 421 DEUS,

78 519 232 608 grpppffip.
246 502 317 566 filiis
331 502 424 581 Adre,
436 501 523 567 Deus
538 502 710 588 appellatur
726 502 910 568 ¹secundum
925 524 1009 581 eum,
1020 510 1075 568 aut
1090 501 1246 567 Dominus
1260 501 1398 565 nomina-

91 615 218 701 “ssff'zffl-
246 615 307 682 tur,
316 628 356 670 ex
368 605 535 692 Scripturis
544 606 832 671 demonstravimus.
878 605 1032 688 Quoniam
1046 615 1153 670 autem
1168 611 1233 670 ²est
1248 605 1313 690 ipse
1328 626 1399 689 pro-

82 734 233 749 ·--
245 710 311 796 prie
325 719 439 797 praeter
460 731 569 775 omnes
591 708 643 796 qui
665 709 791 774 fuerunt
814 718 889 775 tuuc
904 708 1056 786 homiues,
1073 708 1171 786 Deus,
1185 718 1217 774 et
1232 708 1398 784 Dominus,

244 821 277 879 et
289 815 359 879 Rex
368 822 514 892 aeternus,
520 823 552 877 et
565 811 768 898 Unigenitus,
779 822 811 877 et
822 812 963 876 Verbum
975 813 1169 877 incarnatum
1178 817 1191 853 ³
1196 812 1399 898 praedicatum

244 923 277 981 et
299 937 320 981 e
343 915 502 1002 prophetis
528 914 681 992 omnibus,
704 923 737 978 et
760 915 934 1001 Apostolis,
954 925 986 979 et
1008 917 1048 980 ab
1070 916 1139 1002 ipso
1159 915 1287 1002 Spiritu,
1310 914 1400 979 adest

244 1020 347 1086 videre
373 1020 517 1086 omnibns
546 1019 599 1107 qui
623 1019 672 1085 vel
698 1019 854 1084 modicum
878 1020 918 1084 de
944 1021 1075 1086 veritate
1100 1020 1272 1108 attigerint.
1317 1018 1398 1082 Haec

244 1132 350 1188 autem
372 1146 435 1189 non
457 1123 698 1189 testificarentur
714 1123 884 1209 Scripturae
899 1124 937 1189 de
952 1146 1000 1202 eo,
1015 1125 1053 1202 si,
1068 1123 1211 1189 similiter
1225 1132 1262 1188 ut
1280 1144 1397 1201 omues,

244 1226 338 1292 homo
363 1236 487 1292 tantum
517 1227 636 1291 fuisset.
684 1226 747 1292 Sed
773 1226 919 1314 quoniam
945 1228 1125 1313 praeclsrem
1149 1237 1262 1312 praeter
1290 1246 1399 1291 onmes

79 1350 133 1390 reu
143 1348 207 1389 rura
244 1331 354 1396 habuit
368 1330 401 1395 iu
415 1352 450 1395 se
470 1351 540 1394 eam
555 1351 625 1416 quoe
637 1338 686 1394 est
701 1331 741 1395 eb
756 1329 921 1395 Altissimo
938 1331 1035 1397 Patre
1049 1331 1236 1419 genituram,
1252 1329 1400 1415 preeclare

80 1444 213 1484 fflvbst
245 1443 351 1498 autem
366 1433 493 1499 functus
507 1441 603 1498 estet
620 1454 743 1520 eaquae
764 1441 869 1498 estex
885 1432 1020 1520 Virgine
1034 1433 1245 1520 generatione,
1269 1440 1399 1517 utraque

81 1545 209 1585 ΜΗ
248 1537 416 1624 Scripturae
431 1537 543 1602 diviuae
559 1538 597 1602 de
612 1559 650 1602 eo
664 1537 891 1603 testificentur:
915 1548 948 1602 et
963 1538 1108 1624 quoniam
1123 1537 1216 1603 homo
1237 1536 1400 1600 indecorus

80 1648 232 1736 fffflfflg
246 1650 279 1709 et
292 1641 458 1729 passibilis,
481 1649 514 1706 et
534 1662 628 1726 super
640 1641 759 1728 pullum
772 1641 869 1706 asinoe
884 1641 1007 1719 sedens,
1022 1649 1113 1706 aceto
1127 1649 1160 1706 et
1179 1639 1249 1705 selle
1263 1646 1398 1725 potatur,

246 1753 279 1812 et
298 1745 504 1829 spernebatur
517 1744 549 1808 in
564 1743 688 1829 populo,
704 1752 736 1808 et
751 1744 904 1830 usquead
919 1753 1051 1808 mortem
1071 1742 1250 1816 descendit;
1270 1750 1303 1806 et
1324 1763 1398 1826 quo
1412 1766 1488 1805 omo.

82 1852 200 1895 ΜΗ
246 1847 331 1913 niam
361 1847 517 1912 Dominus
537 1856 676 1925 sanctus,
699 1855 732 1911 et
755 1847 920 1925 Mirabilis,
948 1845 1158 1924 consiliarius,
1180 1854 1213 1910 et
1240 1844 1400 1909 ⁴Deeorus

82 1973 215 2014 memte
245 1951 359 2039 speeie,
380 1961 413 2017 et
437 1951 526 2015 Deus
549 1950 648 2029 fortis,
670 1972 763 2035 super
782 1951 881 2016 nubes
902 1951 1027 2017 veniens
1047 1950 1258 2016 universorum
1279 1946 1398 2027 Judex,

80 2020 140 2061 m
247 2054 352 2121 omnia
366 2055 405 2120 de
421 2076 459 2119 eo
475 2053 644 2140 Scripturas
658 2054 897 2142 prophetabant.

82 2301 225 2400 fflffl
334 2307 367 2373 3.
412 2284 549 2383 Ὥσπερ
581 2283 649 2384 γὰρ
676 2286 713 2368 ἦν
743 2282 914 2383 ἅνθρωπος
940 2286 993 2355 ἵνα
1024 2287 1199 2384 πειρασθῃζ
1228 2277 1313 2354 οὗτοι
1343 2281 1397 2353 καὶ

80 2397 220 2486 ιιιὶαὶξὶιιιιιιι
247 2400 353 2491 λόγος
390 2400 442 2468 ἵνα
482 2397 642 2492 δοξασθῇ·
678 2395 907 2498 ἡσυχάζοντος
941 2395 1000 2481 μὲν
1032 2403 1095 2468 τοῦ
1130 2397 1238 2487 λόγου
1279 2397 1312 2464 ἐν
1347 2398 1397 2484 τῷ
1412 2430 1491 2470 uam

247 2509 464 2613 πειράζεσθαι
473 2516 495 2595 ⁵,
510 2511 652 2582 ...arui
687 2514 924 2610 σταυροῦσθαι,
957 2511 1010 2581 καὶ
1048 2509 1276 2591 ἀποθνήσκειν·
1315 2536 1398 2599 συγ-

247 2626 419 2716 γινομὲνοιν
445 2622 479 2695 δὲ
507 2632 557 2714 τῷ
587 2624 747 2723 ἀνθρώπῳ
778 2625 811 2693 ἐν
847 2626 896 2713 τῷ
922 2631 1017 2715 νικᾷν,
1051 2623 1105 2693 καὶ
1139 2623 1316 2705 ὑπομένειν,
1343 2622 1397 2691 καὶ

247 2740 500 2838 χρηστεύεσθοι,
528 2737 582 2808 καὶ
609 2738 821 2820 ἀνίστασθαι,
846 2736 900 2806 καὶ
926 2733 1233 2824 ἀναλαμβάνεσθαι.

312 2967 343 3029 3.
389 2961 478 3026 Sicut
492 2960 576 3025 enim
596 2959 690 3025 homo
712 2968 789 3040 erat,
806 2968 841 3025 ut
855 2967 1045 3025 tentaretur:
1069 2960 1116 3026 sic
1137 2968 1169 3024 et
1189 2959 1340 3035 Verbum,
1363 2967 1400 3023 ut

245 3065 488 3154 glorificaretur:
512 3063 725 3150 requiescente
748 3062 875 3149 quidem
899 3062 1017 3140 Verbo,
1040 3073 1075 3128 ut
1096 3071 1201 3149 posset
1223 3061 1347 3138 tentari,
1366 3070 1400 3126 et

247 3169 434 3247 inhonorari,
458 3178 490 3234 et
510 3169 660 3255 crucifigi,
684 3177 717 3234 et
738 3168 836 3244 mori;
860 3171 1024 3256 ⁶absorpto
1038 3179 1144 3234 autem
1160 3169 1285 3233 homine
1307 3168 1340 3231 in
1361 3190 1399 3232 oo

247 3272 330 3360 quod
344 3270 450 3348 vincit,
470 3279 502 3336 et
521 3271 665 3350 sustinet,
678 3321 703 3336 ..
717 3280 767 3336 .et
781 3273 926 3359 resurgit,
943 3280 975 3336 et
994 3271 1174 3337 assumitur.
1220 3269 1285 3335 Hic
1304 3270 1400 3356 igitur

248 3375 349 3440 Filius
371 3374 432 3439 Dei
452 3374 608 3440 Dominus
629 3382 745 3452 noster,
766 3373 922 3440 exsistens
943 3373 1085 3440 Verbum
1110 3372 1224 3452 Patris,
1240 3382 1273 3437 et
1299 3371 1399 3436 Filius

248 3477 406 3554 Hominis,
423 3476 568 3564 quoniam
583 3499 622 3540 ex
644 3476 758 3554 Maria,
780 3499 850 3562 quae
870 3499 910 3542 ex
929 3476 1124 3543 ⁷hominibus
1139 3477 1274 3541 habebat
1288 3496 1398 3562 genus,

247 3603 316 3669 quae
332 3591 365 3647 et
378 3582 447 3667 ipsa
461 3590 526 3647 erat
542 3581 645 3659 homo,
662 3581 771 3646 habuit
790 3582 960 3648 secundum
975 3581 1133 3647 homiuem
1155 3579 1397 3666 generationem,

82 3700 137 3741 Μ
146 3699 181 3741 vu
191 3700 222 3740 1&
246 3686 366 3751 ⁸factus
383 3692 432 3750 est
453 3684 554 3750 Filius
572 3685 717 3751 hominis
763 3685 898 3771 Propter
919 3685 978 3750 hoc
1000 3693 1033 3749 et
1055 3684 1122 3770 ipse
1143 3682 1299 3748 Dominus
1313 3680 1400 3745 dedit

295 3926 377 3977 1κατ’
397 3929 470 3976 αὐτὸν
489 3927 528 3975 sor
551 3925 606 3974 καθ’
628 3927 708 3987 αὐτὸν,
732 3927 797 3976 ubso-
846 3927 875 3977 oi
886 3926 998 3991 ''113“ssss

246 4009 422 4072 latdy,pcrec.
894 4008 975 4057 “The
991 3993 1058 4057 ¹verb
1081 4007 1239 4067 ἀτιμάζεσθαι
1263 4020 1314 4053 was
1340 4005 1397 4064 lost,

295 4090 354 4139 2ιιι
373 4092 394 4140 is
414 4089 537 4140 cancelled
555 4089 589 4154 by
608 4089 738 4139 Maesone
750 4104 799 4151 pro
846 4091 929 4154 owing
942 4095 969 4139 to
985 4090 1028 4138 the
1043 4089 1137 4138 similar
1148 4086 1347 4137 terminationes
1357 4087 1399 4135 the

247 4171 348 4221 arborio
353 4192 364 4229 ,·
374 4173 421 4222 but
427 4174 448 4222 it
457 4173 477 4221 is
485 4172 595 4221 restored
602 4187 630 4221 as
639 4172 714 4235 being
720 4170 799 4219 found
846 4172 977 4235 preceding
989 4173 1151 4233 πειράζεσθαι.

247 4253 272 4301 in
284 4255 327 4302 the
338 4253 416 4303 MSS.
895 4252 906 4285 θ
922 4253 1039 4316 absorpto,
1053 4254 1070 4303 i.
1080 4270 1102 4304 e.
1122 4253 1149 4301 in
1165 4254 1208 4302 the
1224 4253 1399 4301 immenseness

296 4333 491 4396 ⁸proedicatum,
516 4334 570 4395 Cn,
590 4336 652 4395 Am,
671 4334 730 4394 Gn,
752 4333 799 4382 but
846 4333 1021 4398 ostheDeity.

247 4413 344 4473 Mese,
359 4414 464 4463 without
473 4414 602 4476 assigning
612 4414 650 4462 hie
661 4412 798 4476 authority,
895 4412 906 4446 ⁷
924 4412 1024 4462 Cursu.
1037 4414 1141 4477 pessime
1151 4413 1266 4462 omnum.

247 4496 292 4544 hes
300 4493 459 4557 praedicmur.
496 4494 584 4556 Fora,
598 4495 641 4544 tl.
655 4503 692 4545 eet.
895 4493 907 4527 ⁸
923 4494 938 4543 1
955 4501 1055 4559 suspect
1072 4496 1129 4543 here
1145 4495 1188 4543 the
1207 4494 1257 4542 loss
1274 4493 1307 4554 of,
1321 4501 1341 4544 et
1356 4493 1400 4558 qui

298 4575 408 4639 ‘Seep
422 4576 461 4638 84,
474 4591 499 4624 n.
510 4589 532 4638 3,
548 4577 591 4624 the
606 4577 799 4641 representative
847 4576 929 4627 Filius
939 4576 988 4626 Dei
997 4583 1038 4627 est.
1068 4577 1150 4643 Scep.
1165 4591 1220 4640 103,
1232 4593 1257 4626 n.
1269 4595 1292 4638 4.
