3000 4994
253 321 296 386 98
553 339 708 394 onucnnr
733 338 816 394 sms
839 338 1100 392 enmnunrixr

88 505 240 593 umqum.
255 489 391 557 Obruitur
410 491 520 558 Filius
536 491 600 557 Dei
618 492 699 567 υἰυὸ,Ι
721 499 842 558 etcum
861 491 1006 557 laudatus
1025 497 1109 556 esset
1127 491 1168 555 ab
1185 511 1233 569 eo,
1256 487 1406 568 Quoniam

93 582 234 688 ffiggiffi·
254 614 326 660 euro
341 603 369 660 et
379 597 504 683 surtpuiv
517 617 576 661 uon
591 597 735 661 revelarit
749 597 786 675 ei,
802 597 856 660 sed
865 599 967 662 Puter
980 597 1036 682 qui
1048 605 1090 660 eet
1103 596 1137 659 in
1152 595 1243 671 oete,
1259 592 1405 656 manifes-

121 694 207 734 ΝΜ
253 704 321 761 tum
342 698 427 778 lecit,
451 700 595 784 quonism
618 698 718 765 Filius
741 699 889 765 Hominis
910 700 961 765 hic
983 708 1032 765 est
1055 697 1197 764 Christus
1219 696 1320 761 Filius
1343 695 1404 759 Dei

88 815 239 857 lter-xvsti.
252 798 325 865 vivi:
350 801 403 866 Eu
424 825 456 866 eo
474 803 563 881 cuitu,
587 802 697 889 inquit,
720 802 810 888 eoepit
829 802 1033 869 derwnstrare
1051 800 1239 878 discentibus,
1261 799 1405 886 quoniam

251 914 365 989 eptortet
386 904 474 970 illum
490 905 734 991 Hierosolymam
751 907 808 984 ire,
829 915 858 970 et
878 905 976 971 multu
990 907 1065 992 pati
1086 928 1107 970 o
1125 903 1335 979 sacerdotibus,
1360 906 1406 966 ¹et

250 1005 420 1091 reprobari,
437 1017 465 1072 et
479 1008 625 1094 eruerfipi,
641 1017 669 1072 et
683 1008 773 1072 tertia
787 1008 837 1072 elie
851 1029 1017 1094 resurgere.
1062 1007 1135 1094 Ipse
1149 1006 1202 1091 qui
1216 1006 1342 1093 agnitus
1357 1012 1405 1069 est

251 1132 272 1174 a
287 1110 384 1176 Petro
404 1111 555 1189 Christus,
576 1111 716 1198 quicum
735 1112 862 1176 beatum
881 1111 971 1189 dixit,
993 1111 1139 1198 quoniam
1159 1111 1257 1174 Pater
1272 1109 1301 1174 ei
1320 1131 1404 1174 reve-

251 1213 326 1279 lavit
349 1213 465 1279 Filium
488 1214 549 1280 Dei
570 1215 641 1295 vivi,
664 1214 753 1294 dixit,
776 1214 978 1302 semetipsum
1000 1223 1142 1300 oportere
1163 1213 1262 1278 multa
1283 1213 1349 1299 peti
1372 1220 1405 1277 et

250 1317 404 1405 crucifigi:
428 1327 461 1383 et
478 1327 553 1384 tunc
576 1318 674 1383 Petro
694 1317 875 1405 increpavit,
897 1318 1086 1383 ²seoundum
1107 1317 1283 1404 opinionem
1305 1315 1404 1380 homi-

250 1440 325 1484 num
340 1420 480 1505 ⁸putanti
495 1442 567 1486 eum
581 1443 650 1486 esse
665 1420 834 1498 Christum,
856 1428 890 1486 et
904 1420 1080 1505 passionem
1099 1420 1167 1505 ejus
1183 1419 1348 1498 aversenti,
1371 1428 1405 1483 et

86 1521 238 1609 lgm-'⁴’
249 1520 331 1588 dixit
345 1523 518 1610 discipulis:
543 1524 582 1587 di
600 1525 668 1610 quis
681 1520 746 1588 uult
752 1531 823 1608 poet
842 1544 889 1586 rue
903 1523 1016 1600 uenire,
1031 1531 1113 1608 erepet
1126 1543 1166 1600 se,
1183 1531 1210 1586 et
1230 1521 1316 1587 tolbzt
1334 1543 1404 1586 eru·

248 1646 312 1690 erm
327 1646 426 1704 suum,
448 1635 477 1690 et
489 1635 634 1713 sequatur
651 1647 709 1691 me.
755 1625 815 1704 Qui
829 1625 908 1690 enim
925 1625 1053 1690 potnerit
1071 1626 1208 1690 orimum
1226 1647 1313 1690 mum
1327 1625 1404 1689 ⁴sul

249 1752 333 1808 rure,
341 1730 453 1816 perdet
467 1728 569 1793 ilhrrn:
593 1737 621 1793 et
635 1729 690 1816 qui
704 1749 772 1793 euro
778 1727 957 1813 perdiderit
969 1737 1099 1813 prepter
1112 1749 1168 1805 rie,
1183 1726 1313 1792 salvabit
1326 1749 1403 1792 euru

250 1831 333 1897 Haec
358 1832 442 1898 enim
467 1831 612 1898 Christus
636 1830 800 1896 manifeste
829 1830 962 1906 dicebat,
988 1829 1055 1917 ipse
1081 1831 1235 1895 exsistens
1262 1828 1404 1895 Salvator

248 1956 365 2014 eornm,
381 1935 433 2022 qui
452 1942 579 2022 propter
598 1955 688 1999 suam
702 1933 928 2000 confessionem
943 1933 975 1997 in
990 1941 1123 1999 mortem
1143 1933 1347 2010 traderentur,
1370 1941 1403 1999 et

248 2038 412 2122 perderent
437 2037 557 2103 animas
578 2058 662 2104 suns.
707 2036 742 2102 Si
766 2043 872 2100 sutem
894 2035 961 2122 ipse
986 2057 1050 2100 non
1074 2044 1143 2100 erat
1164 2057 1321 2121 passums,
1347 2036 1402 2100 sed

248 2141 402 2206 ⁶avoleret
416 2163 436 2205 e
450 2141 473 2205 J
475 2162 540 2217 esu,
553 2139 628 2227 quid
642 2148 675 2205 et
688 2139 912 2205 adhortabatur
926 2139 1093 2226 discipulus
1107 2138 1215 2203 tollere
1224 2160 1357 2217 crucem,
1370 2148 1403 2204 et

248 2244 336 2330 sequi
355 2265 400 2322 se,
417 2265 510 2331 quem
531 2242 598 2328 ipse
612 2264 675 2308 non
690 2241 820 2308 tollebat
834 2241 1005 2307 secundum
1019 2241 1113 2329 ipsos,
1134 2241 1190 2308 sed
1209 2241 1402 2327 relinquebat

249 2346 499 2432 “dispositionem
513 2345 684 2431 passionis!
721 2345 876 2428 Quoniam
891 2345 974 2409 enim
992 2367 1055 2410 non
1075 2345 1114 2410 de
1132 2344 1291 2432 agnitione
1312 2367 1402 2432 supe

247 2449 339 2514 rioris
359 2449 460 2516 crucis
480 2448 556 2514 dicit
576 2449 646 2529 hoo,
667 2448 927 2535 quemadmodum
949 2449 1075 2535 quidum
1093 2448 1210 2514 audent
1229 2470 1399 2535 exponere;

247 2552 356 2618 cedde
375 2551 528 2638 passione,
549 2573 643 2637 quum
661 2552 825 2638 oportebat
844 2551 930 2616 illum
947 2552 1024 2637 peti,
1045 2560 1078 2617 et
1096 2551 1155 2639 ipsi
1172 2551 1315 2638 discipuli
1334 2554 1402 2639 ejus

246 2653 384 2720 futurum
406 2661 473 2719 eret
498 2662 535 2718 ut
560 2662 748 2740 peterentur,
776 2652 895 2718 intulit:
931 2654 1108 2741 Quicunque
1133 2656 1214 2719 roim
1237 2655 1403 2720 intonuerit

246 2758 386 2823 quintum
407 2779 504 2835 uuum,
523 2757 635 2843 perdet
658 2777 744 2822 eum:
770 2766 797 2822 et
820 2757 875 2844 qui
888 2756 1078 2843 perdiderit,
1102 2758 1236 2822 inueniet
1261 2781 1345 2828 eursu
1370 2766 1402 2822 et
1414 2771 1439 2809 o.
1449 2774 1492 2817 en.

248 2861 393 2945 quonium
405 2862 526 2946 pnssuri
542 2867 631 2926 erant
645 2860 788 2946 discipuli
803 2863 871 2948 ejus
887 2870 1012 2949 propter
1026 2884 1108 2938 eum,
1123 2862 1247 2928 dioebet
1260 2862 1285 2925 J
1287 2863 1398 2928 ndaeis:

82 2967 146 3054 ΒΨ
156 2968 214 3008 ³¹¹st
247 2963 337 3040 Eece,
354 2985 403 3048 epo
420 2964 504 3027 mitto
522 2964 568 3027 ud
579 2985 628 3027 ros
634 2963 810 3051 prophetoe,
829 2974 859 3029 et
875 2965 1033 3052 sopientes,
1052 2974 1080 3028 et
1099 2965 1238 3044 doctores
1260 2975 1287 3030 et
1304 2987 1341 3030 eu
1355 2965 1402 3030 luis

85 3077 146 3163 ppei
154 3089 176 3118 ι.
187 3078 216 3126 17.
248 3064 443 3147 interficietis,
471 3075 501 3130 et
522 3066 719 3151 crucifigetis
750 3074 783 3132 et
806 3067 966 3155 discipulis
991 3067 1123 3148 dicebat,
1151 3070 1234 3132 Arte
1259 3069 1348 3134 duces
1374 3078 1402 3134 et

247 3188 330 3252 repes
343 3166 461 3232 eluditis
473 3177 601 3254 prqoter
614 3190 670 3247 rte,
687 3165 731 3234 ⁷et
750 3192 786 3234 en
800 3169 879 3235 nubre
887 3168 1100 3258 flagellabunt,
1121 3180 1149 3237 et
1163 3172 1352 3254 interficient,
1374 3182 1401 3236 et

240 3279 493 3356 persequentum
514 3272 637 3335 ciuitate
651 3273 686 3336 ia
704 3272 875 3345 ciuitatem·
891 3275 1010 3340 sciebat
1025 3273 1120 3361 igitur
1139 3283 1172 3340 et
1191 3275 1312 3361 eosqui
1333 3298 1400 3362 per·

246 3372 438 3437 secutionem
460 3372 579 3458 passuri
600 3382 715 3452 essent,
738 3374 856 3441 sciebat
877 3384 910 3442 et
931 3398 985 3442 eos
1006 3378 1058 3463 qui
1079 3377 1227 3464 flagellari
1247 3386 1280 3443 et
1301 3379 1400 3444 oooidi

246 3472 397 3540 baberent
413 3484 538 3561 propter
557 3497 643 3541 eum:
667 3484 701 3542 et
720 3481 800 3541 Βιιοιι
818 3477 917 3544 ultera
937 3480 977 3545 de
995 3501 1097 3559 eruce,
1116 3481 1172 3546 sed
1189 3481 1228 3546 de
1246 3481 1400 3566 pnssione,

295 3644 349 3694 ¹et
375 3646 508 3710 reprobari,
533 3646 642 3696 Irenoeus
663 3661 691 3696 a
716 3647 796 3698 Mure.
847 3647 876 3697 of
883 3648 926 3697 the
938 3647 1048 3709 Omani,
1059 3649 1121 3710 Ale,
1129 3648 1208 3698 Voss.
1218 3649 1304 3710 MSS,
1314 3655 1402 3714 except

245 3727 297 3776 viii·
312 3741 350 3789 31,
369 3734 390 3776 et
407 3727 466 3776 bun
480 3728 514 3776 ix.
531 3741 570 3788 ra,
587 3727 698 3788 inseruit,
712 3727 762 3777 nisi
778 3735 800 3776 et
847 3730 1218 3781 thntthslatterhassalvum't.
1248 3731 1401 3780 Gnsnnand

245 3809 347 3872 quidam
358 3809 383 3858 S.
396 3808 508 3858 Muttleoei
521 3808 599 3860 todo.
609 3809 639 3858 id
645 3809 704 3858 olim
712 3809 799 3858 babue-
846 3811 890 3860 the
906 3812 992 3859 earlier
1009 3811 1076 3861 Eun.
1096 3813 1159 3861 have
1174 3812 1267 3861 salvum
1278 3812 1398 3875 fucere...

244 3892 303 3942 rint.
334 3893 438 3942 Gusna.
847 3893 957 3943 inueniet.
985 3893 1039 3942 The
1054 3899 1109 3943 text
1126 3911 1153 3943 us
1170 3896 1264 3959 quoted
1283 3897 1400 3945 belonis

293 3972 305 4005 ¹
316 3975 332 4023 i.
342 3991 363 4023 e.
376 3975 504 4038 Thinking
512 3975 569 4023 that
578 3973 636 4022 ifhe
644 3989 694 4021 vvaa
704 3972 795 4033 Christ,
847 3974 899 4023 also
911 3974 936 4022 in
948 3974 1097 4025 socordnnce
1108 3977 1170 4025 with
1182 3977 1258 4026 MSS.

243 4070 260 4104 a
270 4055 344 4104 death
360 4056 388 4104 os
401 4056 519 4120 suffering
535 4056 617 4104 would
628 4056 659 4104 be
670 4055 798 4104 inconsist·
895 4055 907 4086 ⁸
923 4056 1036 4116 nutaret,
1050 4057 1082 4106 cs.
1096 4069 1114 4106 1.
1127 4056 1167 4118 ⁶2,
1182 4072 1243 4117 rm
1262 4071 1291 4108 11.
1306 4073 1344 4120 54,
1359 4078 1382 4119 4.

244 4142 287 4186 ent
299 4138 359 4186 with
371 4139 409 4186 his
421 4138 530 4187 miseion.
560 4137 579 4186 J
580 4138 620 4186 oh.
633 4137 676 4185 xii.
691 4151 730 4199 34.
896 4136 907 4169 ⁶
923 4138 940 4187 f.
955 4138 970 4187 h
984 4138 1116 4202 drbporhio,
1132 4142 1258 4202 ἀπέλιπεν,
1271 4141 1398 4202 dqticiebnt.

293 4217 593 4280 rpaeueut...avmunrt,
612 4218 745 4282 govemed,
770 4234 798 4267 as
895 4218 1154 4286 ⁷1nsunnsapp1ns
1166 4221 1307 4271 ourLord's
1319 4222 1399 4269 words

244 4300 338 4348 Gneus
352 4302 436 4365 points
452 4307 505 4362 out,
524 4304 558 4366 by
573 4303 711 4362 ἐπετίμησε.
745 4302 820 4365 The,
846 4301 953 4351 without
964 4302 1078 4367 formally
1089 4304 1196 4368 quoting
1208 4304 1343 4366 Scriptum.

244 4381 343 4430 Gesner.
357 4382 415 4430 MS.
429 4383 473 4430 hes
486 4382 564 4443 Petro,
578 4383 607 4431 of
616 4384 696 4432 which
703 4383 798 4433 Gssxnr
895 4383 906 4417 ⁸
922 4400 971 4433 uon
987 4386 1065 4434 altero
1081 4385 1111 4434 de
1126 4400 1202 4444 mure,
1219 4385 1236 4435 i.
1246 4401 1266 4433 e.
1284 4385 1327 4432 the
1339 4399 1400 4432 cruc

243 4477 294 4509 vvus
306 4468 350 4510 not
361 4479 442 4512 unare
452 4465 477 4512 in
490 4464 589 4528 leaving
600 4466 707 4515 Petrum
844 4466 1083 4528 superiororHorue,
1090 4466 1119 4515 ol
1122 4467 1203 4514 which
1210 4467 1240 4514 he
1249 4464 1298 4513 had
1305 4467 1399 4528 spoken

293 4540 304 4572 ⁴
320 4542 437 4592 eduin..
447 4545 569 4594 .solvubit.
606 4546 659 4596 The
682 4547 797 4611 readings
845 4548 872 4596 in
888 4549 932 4596 the
945 4551 1154 4597 commencement
1169 4547 1197 4596 ot
1211 4548 1260 4597 this
1272 4548 1357 4610 period
1374 4549 1402 4596 os
