<?xml version="1.0" encoding="UTF-8"?>
<!DOCTYPE html PUBLIC "-//W3C//DTD XHTML 1.0 Transitional//EN"
    "http://www.w3.org/TR/xhtml1/DTD/xhtml1-transitional.dtd">
<html xmlns="http://www.w3.org/1999/xhtml" xml:lang="en" lang="en">
 <head>
  <title>
</title>
<meta http-equiv="Content-Type" content="text/html;charset=utf-8" />
  <meta name='ocr-system' content='tesseract 3.04.00' />
  <meta name='ocr-capabilities' content='ocr_page ocr_carea ocr_par ocr_line ocrx_word'/>
</head>
<body>
  <div class='ocr_page' id='page_1' title='image "./sanctiirenaeiep00harvgoog_0350.png"; bbox 0 0 3000 4994; ppageno 0'>
   <div class='ocr_carea' id='block_1_1' title="bbox 528 362 1279 430">
    <p class='ocr_par' dir='ltr' id='par_1_1' title="bbox 528 362 1279 430">
     <span class='ocr_line' id='line_1_1' title="bbox 528 362 1279 430; baseline 0.001 -4"><span class='ocrx_word' id='word_1_1' title='bbox 528 373 665 426; x_wconf 71' lang='lat' dir='ltr'><em>Annus</em></span> <span class='ocrx_word' id='word_1_2' title='bbox 690 374 873 430; x_wconf 74' lang='lat' dir='ltr'><em>ssnunus.</em></span> <span class='ocrx_word' id='word_1_3' title='bbox 1212 362 1279 427; x_wconf 87' lang='grc'><em>339</em></span> 
     </span>
    </p>
   </div>
   <div class='ocr_carea' id='block_1_2' title="bbox 595 547 1443 681">
    <p class='ocr_par' dir='ltr' id='par_1_2' title="bbox 595 547 1443 681">
     <span class='ocr_line' id='line_1_2' title="bbox 595 547 1443 681; baseline 0.024 -21"><span class='ocrx_word' id='word_1_4' title='bbox 595 593 698 660; x_wconf 73' lang='lat' dir='ltr'><em>cnr.</em></span> <span class='ocrx_word' id='word_1_5' title='bbox 721 594 824 661; x_wconf 79' lang='lat' dir='ltr'><em>vnn</em></span> <span class='ocrx_word' id='word_1_6' title='bbox 1292 547 1443 681; x_wconf 59' lang='lat' dir='ltr'><em>&#39;iiiii</em></span> 
     </span>
    </p>
   </div>
   <div class='ocr_carea' id='block_1_3' title="bbox 126 687 1443 825">
    <p class='ocr_par' dir='ltr' id='par_1_3' title="bbox 126 687 1443 825">
     <span class='ocr_line' id='line_1_3' title="bbox 126 687 1443 825; baseline -0.003 -27"><span class='ocrx_word' id='word_1_7' title='bbox 126 723 240 798; x_wconf 78' lang='lat' dir='ltr'><em>Dorso</em></span> <span class='ocrx_word' id='word_1_8' title='bbox 269 721 436 821; x_wconf 75' lang='lat' dir='ltr'><em>Spiritus</em></span> <span class='ocrx_word' id='word_1_9' title='bbox 463 723 583 798; x_wconf 80' lang='lat' dir='ltr'><em>sancti</em></span> <span class='ocrx_word' id='word_1_10' title='bbox 612 749 691 822; x_wconf 79' lang='lat' dir='ltr'><em>qum</em></span> <span class='ocrx_word' id='word_1_11' title='bbox 727 722 936 822; x_wconf 71' lang='lat' dir='ltr'><em>recipimus,</em></span> <span class='ocrx_word' id='word_1_12' title='bbox 966 737 1191 825; x_wconf 75' lang='lat' dir='ltr'><em>properarit</em></span> <span class='ocrx_word' id='word_1_13' title='bbox 1217 687 1443 818; x_wconf 40' lang='lat' dir='ltr'><em>crossi-iffi</em></span> 
     </span>
    </p>
   </div>
   <div class='ocr_carea' id='block_1_4' title="bbox 200 839 1282 1173">
    <p class='ocr_par' dir='ltr' id='par_1_4' title="bbox 200 839 1282 1173">
     <span class='ocr_line' id='line_1_4' title="bbox 200 839 1281 940; baseline 0.003 -26"><span class='ocrx_word' id='word_1_14' title='bbox 200 839 253 914; x_wconf 84' lang='lat' dir='ltr'><em>ud</em></span> <span class='ocrx_word' id='word_1_15' title='bbox 273 839 559 939; x_wconf 76' lang='lat' dir='ltr'><em>iueormrptclom</em></span> <span class='ocrx_word' id='word_1_16' title='bbox 584 840 837 940; x_wconf 74' lang='lat' dir='ltr'><em>spiritalesque</em></span> <span class='ocrx_word' id='word_1_17' title='bbox 853 840 1012 917; x_wconf 77' lang='lat' dir='ltr'><em>recidunt</em></span> <span class='ocrx_word' id='word_1_18' title='bbox 1030 855 1062 917; x_wconf 86' lang='lat' dir='ltr'><em>ct</em></span> <span class='ocrx_word' id='word_1_19' title='bbox 1079 868 1106 917; x_wconf 86' lang='lat' dir='ltr'><em>o</em></span> <span class='ocrx_word' id='word_1_20' title='bbox 1120 841 1281 918; x_wconf 78' lang='lat' dir='ltr'><em>carnali·</em></span> 
     </span>
     <span class='ocr_line' id='line_1_5' title="bbox 202 956 1282 1057; baseline 0.005 -26"><span class='ocrx_word' id='word_1_21' title='bbox 202 956 267 1031; x_wconf 77' lang='lat' dir='ltr'><em>hus</em></span> <span class='ocrx_word' id='word_1_22' title='bbox 283 956 515 1032; x_wconf 79' lang='lat' dir='ltr'><em>discernunt:</em></span> <span class='ocrx_word' id='word_1_23' title='bbox 543 957 608 1057; x_wconf 82' lang='lat' dir='ltr'><em>qui</em></span> <span class='ocrx_word' id='word_1_24' title='bbox 623 958 772 1033; x_wconf 75' lang='lat' dir='ltr'><em>muudus</em></span> <span class='ocrx_word' id='word_1_25' title='bbox 789 971 822 1033; x_wconf 87' lang='lat' dir='ltr'><em>et</em></span> <span class='ocrx_word' id='word_1_26' title='bbox 839 957 1041 1035; x_wconf 80' lang='lat' dir='ltr'><em>immundis</em></span> <span class='ocrx_word' id='word_1_27' title='bbox 1057 957 1282 1036; x_wconf 73' lang='lat' dir='ltr'><em>animalitas</em></span> 
     </span>
     <span class='ocr_line' id='line_1_6' title="bbox 202 1073 612 1173; baseline 0.01 -27"><span class='ocrx_word' id='word_1_28' title='bbox 202 1073 240 1147; x_wconf 80' lang='lat' dir='ltr'><em>iu</em></span> <span class='ocrx_word' id='word_1_29' title='bbox 259 1073 333 1172; x_wconf 71' lang='lat' dir='ltr'><em>lcpc</em></span> <span class='ocrx_word' id='word_1_30' title='bbox 349 1074 612 1173; x_wconf 72' lang='lat' dir='ltr'><em>siphifieautur.</em></span> 
     </span>
    </p>
   </div>
   <div class='ocr_carea' id='block_1_5' title="bbox 27 1238 1447 3591">
    <p class='ocr_par' dir='ltr' id='par_1_5' title="bbox 125 1238 1447 2666">
     <span class='ocr_line' id='line_1_7' title="bbox 128 1238 1280 1328; baseline 0.005 -26"><span class='ocrx_word' id='word_1_31' title='bbox 128 1243 157 1304; x_wconf 89' lang='lat' dir='ltr'><em>l.</em></span> <span class='ocrx_word' id='word_1_32' title='bbox 204 1238 304 1303; x_wconf 84' lang='lat' dir='ltr'><em>Nunc</em></span> <span class='ocrx_word' id='word_1_33' title='bbox 318 1247 424 1304; x_wconf 85' lang='lat' dir='ltr'><em>sutem</em></span> <span class='ocrx_word' id='word_1_34' title='bbox 439 1247 560 1326; x_wconf 83' lang='lat' dir='ltr'><em>partem</em></span> <span class='ocrx_word' id='word_1_35' title='bbox 574 1239 710 1324; x_wconf 76' lang='lat' dir='ltr'><em>aliquem</em></span> <span class='ocrx_word' id='word_1_36' title='bbox 726 1242 761 1303; x_wconf 86' lang='lat' dir='ltr'><em>¹s</em></span> <span class='ocrx_word' id='word_1_37' title='bbox 773 1238 892 1324; x_wconf 84' lang='lat' dir='ltr'><em>Spiritu</em></span> <span class='ocrx_word' id='word_1_38' title='bbox 902 1240 970 1326; x_wconf 88' lang='lat' dir='ltr'><em>ejus</em></span> <span class='ocrx_word' id='word_1_39' title='bbox 984 1239 1146 1320; x_wconf 80' lang='lat' dir='ltr'><em>sumimus,</em></span> <span class='ocrx_word' id='word_1_40' title='bbox 1158 1240 1200 1307; x_wconf 85' lang='lat' dir='ltr'><em>sd</em></span> <span class='ocrx_word' id='word_1_41' title='bbox 1209 1261 1280 1328; x_wconf 88' lang='lat' dir='ltr'><em>per·</em></span> 
     </span>
     <span class='ocr_line' id='line_1_8' title="bbox 126 1342 1280 1430; baseline 0.003 -23"><span class='ocrx_word' id='word_1_42' title='bbox 126 1343 293 1409; x_wconf 82' lang='lat' dir='ltr'><em>sectionem</em></span> <span class='ocrx_word' id='word_1_43' title='bbox 313 1352 346 1408; x_wconf 89' lang='lat' dir='ltr'><em>et</em></span> <span class='ocrx_word' id='word_1_44' title='bbox 367 1342 625 1430; x_wconf 83' lang='lat' dir='ltr'><em>praepsrationem</em></span> <span class='ocrx_word' id='word_1_45' title='bbox 647 1343 873 1428; x_wconf 73' lang='lat' dir='ltr'><em>incorruptelae,</em></span> <span class='ocrx_word' id='word_1_46' title='bbox 893 1344 1043 1430; x_wconf 83' lang='lat' dir='ltr'><em>psnlstim</em></span> <span class='ocrx_word' id='word_1_47' title='bbox 1063 1352 1280 1411; x_wconf 73' lang='lat' dir='ltr'><em>assuescentes</em></span> 
     </span>
     <span class='ocr_line' id='line_1_9' title="bbox 126 1447 1279 1534; baseline 0.003 -22"><span class='ocrx_word' id='word_1_48' title='bbox 126 1469 236 1532; x_wconf 79' lang='lat' dir='ltr'><em>capere</em></span> <span class='ocrx_word' id='word_1_49' title='bbox 257 1454 290 1512; x_wconf 91' lang='lat' dir='ltr'><em>et</em></span> <span class='ocrx_word' id='word_1_50' title='bbox 308 1455 431 1532; x_wconf 84' lang='lat' dir='ltr'><em>portare</em></span> <span class='ocrx_word' id='word_1_51' title='bbox 452 1449 572 1513; x_wconf 91' lang='lat' dir='ltr'><em>Deum:</em></span> <span class='ocrx_word' id='word_1_52' title='bbox 596 1448 678 1534; x_wconf 91' lang='lat' dir='ltr'><em>qnod</em></span> <span class='ocrx_word' id='word_1_53' title='bbox 702 1455 735 1512; x_wconf 89' lang='lat' dir='ltr'><em>et</em></span> <span class='ocrx_word' id='word_1_54' title='bbox 757 1447 889 1534; x_wconf 80' lang='lat' dir='ltr'><em>²pignus</em></span> <span class='ocrx_word' id='word_1_55' title='bbox 910 1448 990 1513; x_wconf 80' lang='lat' dir='ltr'><em>dixit</em></span> <span class='ocrx_word' id='word_1_56' title='bbox 1012 1447 1196 1534; x_wconf 86' lang='lat' dir='ltr'><em>Apostolus,</em></span> <span class='ocrx_word' id='word_1_57' title='bbox 1218 1448 1279 1515; x_wconf 89' lang='lat' dir='ltr'><em>hoc</em></span> 
     </span>
     <span class='ocr_line' id='line_1_10' title="bbox 126 1551 1277 1637; baseline 0 -21"><span class='ocrx_word' id='word_1_58' title='bbox 126 1559 185 1629; x_wconf 89' lang='lat' dir='ltr'><em>est,</em></span> <span class='ocrx_word' id='word_1_59' title='bbox 213 1555 307 1634; x_wconf 77' lang='lat' dir='ltr'><em>³psrs</em></span> <span class='ocrx_word' id='word_1_60' title='bbox 332 1551 401 1635; x_wconf 89' lang='lat' dir='ltr'><em>ejus</em></span> <span class='ocrx_word' id='word_1_61' title='bbox 421 1551 547 1616; x_wconf 92' lang='lat' dir='ltr'><em>honoris</em></span> <span class='ocrx_word' id='word_1_62' title='bbox 566 1551 619 1637; x_wconf 93' lang='lat' dir='ltr'><em>qui</em></span> <span class='ocrx_word' id='word_1_63' title='bbox 640 1572 661 1615; x_wconf 82' lang='lat' dir='ltr'><strong>a</strong></span> <span class='ocrx_word' id='word_1_64' title='bbox 679 1551 749 1615; x_wconf 87' lang='lat' dir='ltr'><em>Deo</em></span> <span class='ocrx_word' id='word_1_65' title='bbox 771 1551 863 1615; x_wconf 90' lang='lat' dir='ltr'><em>nobis</em></span> <span class='ocrx_word' id='word_1_66' title='bbox 884 1551 1055 1637; x_wconf 90' lang='lat' dir='ltr'><em>promissus</em></span> <span class='ocrx_word' id='word_1_67' title='bbox 1077 1557 1137 1630; x_wconf 89' lang='lat' dir='ltr'><em>est,</em></span> <span class='ocrx_word' id='word_1_68' title='bbox 1159 1551 1193 1615; x_wconf 91' lang='lat' dir='ltr'><em>in</em></span> <span class='ocrx_word' id='word_1_69' title='bbox 1214 1551 1277 1637; x_wconf 89' lang='lat' dir='ltr'><em>epi-</em></span> 
     </span>
     <span class='ocr_line' id='line_1_11' title="bbox 125 1652 1426 1740; baseline 0.001 -22"><span class='ocrx_word' id='word_1_70' title='bbox 125 1654 206 1718; x_wconf 80' lang='lat' dir='ltr'><em>stola</em></span> <span class='ocrx_word' id='word_1_71' title='bbox 229 1674 299 1737; x_wconf 84' lang='lat' dir='ltr'><em>quse</em></span> <span class='ocrx_word' id='word_1_72' title='bbox 316 1653 358 1717; x_wconf 81' lang='lat' dir='ltr'><em>ad</em></span> <span class='ocrx_word' id='word_1_73' title='bbox 374 1654 528 1740; x_wconf 88' lang='lat' dir='ltr'><em>Ephesios</em></span> <span class='ocrx_word' id='word_1_74' title='bbox 553 1661 611 1732; x_wconf 91' lang='lat' dir='ltr'><em>est,</em></span> <span class='ocrx_word' id='word_1_75' title='bbox 633 1653 757 1719; x_wconf 91' lang='lat' dir='ltr'><em>dicens:</em></span> <span class='ocrx_word' id='word_1_76' title='bbox 785 1653 829 1717; x_wconf 79' lang='lat' dir='ltr'><em>Iit</em></span> <span class='ocrx_word' id='word_1_77' title='bbox 849 1674 908 1738; x_wconf 81' lang='lat' dir='ltr'><em>quo</em></span> <span class='ocrx_word' id='word_1_78' title='bbox 926 1662 955 1718; x_wconf 81' lang='lat' dir='ltr'><em>et</em></span> <span class='ocrx_word' id='word_1_79' title='bbox 975 1675 1035 1732; x_wconf 84' lang='lat' dir='ltr'><em>cos,</em></span> <span class='ocrx_word' id='word_1_80' title='bbox 1059 1653 1167 1718; x_wconf 83' lang='lat' dir='ltr'><em>audito</em></span> <span class='ocrx_word' id='word_1_81' title='bbox 1189 1652 1426 1737; x_wconf 58' lang='lat' dir='ltr'><em>cerlosspmm</em></span> 
     </span>
     <span class='ocr_line' id='line_1_12' title="bbox 126 1745 1332 1843; baseline 0.002 -22"><span class='ocrx_word' id='word_1_82' title='bbox 126 1756 275 1834; x_wconf 56' lang='lat' dir='ltr'><em>cadatis,</em></span> <span class='ocrx_word' id='word_1_83' title='bbox 299 1757 468 1843; x_wconf 67' lang='lat' dir='ltr'><em>Eoorzpelio</em></span> <span class='ocrx_word' id='word_1_84' title='bbox 493 1756 869 1843; x_wconf 57' lang='lat' dir='ltr'><em>utilissimumque</em></span> <span class='ocrx_word' id='word_1_85' title='bbox 895 1756 1045 1821; x_wconf 78' lang='lat' dir='ltr'><em>erodcutes</em></span> <span class='ocrx_word' id='word_1_86' title='bbox 1069 1757 1184 1843; x_wconf 71' lang='lat' dir='ltr'><em>sipouti</em></span> <span class='ocrx_word' id='word_1_87' title='bbox 1210 1745 1332 1823; x_wconf 46' lang='lat' dir='ltr'><em>odis*</em></span> 
     </span>
     <span class='ocr_line' id='line_1_13' title="bbox 130 1857 1280 1945; baseline 0.001 -20"><span class='ocrx_word' id='word_1_88' title='bbox 130 1859 254 1944; x_wconf 77' lang='lat' dir='ltr'><em>Spiritu</em></span> <span class='ocrx_word' id='word_1_89' title='bbox 276 1860 487 1944; x_wconf 60' lang='lat' dir='ltr'><em>promiscis</em></span> <span class='ocrx_word' id='word_1_90' title='bbox 514 1868 626 1936; x_wconf 78' lang='lat' dir='ltr'><em>scorto,</em></span> <span class='ocrx_word' id='word_1_91' title='bbox 653 1859 708 1945; x_wconf 85' lang='lat' dir='ltr'><em>qui</em></span> <span class='ocrx_word' id='word_1_92' title='bbox 737 1866 778 1923; x_wconf 83' lang='lat' dir='ltr'><em>cst</em></span> <span class='ocrx_word' id='word_1_93' title='bbox 799 1858 916 1944; x_wconf 63' lang='lat' dir='ltr'><em>piu-rsus</em></span> <span class='ocrx_word' id='word_1_94' title='bbox 943 1857 1135 1923; x_wconf 78' lang='lat' dir='ltr'><em>ituroditutis</em></span> <span class='ocrx_word' id='word_1_95' title='bbox 1159 1869 1280 1926; x_wconf 72' lang='lat' dir='ltr'><em>uodroe.</em></span> 
     </span>
     <span class='ocr_line' id='line_1_14' title="bbox 129 1960 1447 2048; baseline 0.001 -23"><span class='ocrx_word' id='word_1_96' title='bbox 129 1960 181 2025; x_wconf 90' lang='lat' dir='ltr'><em>Sic</em></span> <span class='ocrx_word' id='word_1_97' title='bbox 206 1982 281 2047; x_wconf 85' lang='lat' dir='ltr'><em>ergo</em></span> <span class='ocrx_word' id='word_1_98' title='bbox 307 1960 420 2047; x_wconf 83' lang='lat' dir='ltr'><em>pignus</em></span> <span class='ocrx_word' id='word_1_99' title='bbox 441 1962 501 2026; x_wconf 89' lang='lat' dir='ltr'><em>hoc</em></span> <span class='ocrx_word' id='word_1_100' title='bbox 518 1961 665 2026; x_wconf 77' lang='lat' dir='ltr'><em>habitans</em></span> <span class='ocrx_word' id='word_1_101' title='bbox 686 1961 720 2024; x_wconf 90' lang='lat' dir='ltr'><em>in</em></span> <span class='ocrx_word' id='word_1_102' title='bbox 744 1961 835 2026; x_wconf 90' lang='lat' dir='ltr'><em>nobis</em></span> <span class='ocrx_word' id='word_1_103' title='bbox 852 1961 920 2048; x_wconf 83' lang='lat' dir='ltr'><em>jsm</em></span> <span class='ocrx_word' id='word_1_104' title='bbox 940 1960 1096 2046; x_wconf 74' lang='lat' dir='ltr'><em>spiritales</em></span> <span class='ocrx_word' id='word_1_105' title='bbox 1120 1960 1224 2040; x_wconf 86' lang='lat' dir='ltr'><em>efficit,</em></span> <span class='ocrx_word' id='word_1_106' title='bbox 1247 1967 1281 2026; x_wconf 87' lang='lat' dir='ltr'><em>et</em></span> <span class='ocrx_word' id='word_1_107' title='bbox 1442 2031 1447 2046; x_wconf 54' lang='grc'>,</span> 
     </span>
     <span class='ocr_line' id='line_1_15' title="bbox 128 2061 1415 2141; baseline 0 -14"><span class='ocrx_word' id='word_1_108' title='bbox 128 2062 321 2127; x_wconf 82' lang='lat' dir='ltr'><em>⁴sbsorbitur</em></span> <span class='ocrx_word' id='word_1_109' title='bbox 335 2063 464 2128; x_wconf 75' lang='lat' dir='ltr'><em>mortale</em></span> <span class='ocrx_word' id='word_1_110' title='bbox 479 2065 519 2128; x_wconf 83' lang='lat' dir='ltr'><em>sb</em></span> <span class='ocrx_word' id='word_1_111' title='bbox 533 2064 782 2137; x_wconf 55' lang='lat' dir='ltr'><em>immortalium</em></span> <span class='ocrx_word' id='word_1_112' title='bbox 813 2061 871 2128; x_wconf 86' lang='lat' dir='ltr'><em>Vos</em></span> <span class='ocrx_word' id='word_1_113' title='bbox 886 2063 977 2141; x_wconf 77' lang='lat' dir='ltr'><em>sitim,</em></span> <span class='ocrx_word' id='word_1_114' title='bbox 998 2062 1054 2141; x_wconf 82' lang='lat' dir='ltr'><em>ait,</em></span> <span class='ocrx_word' id='word_1_115' title='bbox 1078 2084 1138 2129; x_wconf 79' lang='lat' dir='ltr'><em>nou</em></span> <span class='ocrx_word' id='word_1_116' title='bbox 1157 2063 1225 2128; x_wconf 73' lang='lat' dir='ltr'><em>ediis</em></span> <span class='ocrx_word' id='word_1_117' title='bbox 1246 2064 1281 2128; x_wconf 80' lang='lat' dir='ltr'><em>io</em></span> <span class='ocrx_word' id='word_1_118' title='bbox 1293 2086 1415 2128; x_wconf 61' lang='lat' dir='ltr'><em>somn</em></span> 
     </span>
     <span class='ocr_line' id='line_1_16' title="bbox 127 2132 1435 2256; baseline 0.002 -25"><span class='ocrx_word' id='word_1_119' title='bbox 127 2167 345 2245; x_wconf 65' lang='lat' dir='ltr'><em>consurrectio</em></span> <span class='ocrx_word' id='word_1_120' title='bbox 360 2168 491 2253; x_wconf 81' lang='lat' dir='ltr'><em>Spiritu,</em></span> <span class='ocrx_word' id='word_1_121' title='bbox 507 2168 656 2256; x_wconf 73' lang='lat' dir='ltr'><em>siquidem</em></span> <span class='ocrx_word' id='word_1_122' title='bbox 674 2168 814 2254; x_wconf 79' lang='lat' dir='ltr'><em>Spiritus</em></span> <span class='ocrx_word' id='word_1_123' title='bbox 824 2167 888 2231; x_wconf 85' lang='lat' dir='ltr'><em>Dei</em></span> <span class='ocrx_word' id='word_1_124' title='bbox 900 2165 1019 2231; x_wconf 77' lang='lat' dir='ltr'><em>latitat</em></span> <span class='ocrx_word' id='word_1_125' title='bbox 1031 2167 1067 2231; x_wconf 82' lang='lat' dir='ltr'><em>iu</em></span> <span class='ocrx_word' id='word_1_126' title='bbox 1080 2165 1171 2231; x_wconf 81' lang='lat' dir='ltr'><em>mdis.</em></span> <span class='ocrx_word' id='word_1_127' title='bbox 1207 2166 1280 2233; x_wconf 88' lang='lat' dir='ltr'><em>Hoc</em></span> <span class='ocrx_word' id='word_1_128' title='bbox 1294 2132 1435 2174; x_wconf 55' lang='lat' dir='ltr'><em>mm</em></span> 
     </span>
     <span class='ocr_line' id='line_1_17' title="bbox 127 2267 1281 2357; baseline 0.001 -24"><span class='ocrx_word' id='word_1_129' title='bbox 127 2277 232 2333; x_wconf 84' lang='lat' dir='ltr'><em>sutem</em></span> <span class='ocrx_word' id='word_1_130' title='bbox 247 2291 309 2334; x_wconf 92' lang='lat' dir='ltr'><em>non</em></span> <span class='ocrx_word' id='word_1_131' title='bbox 328 2270 497 2336; x_wconf 89' lang='lat' dir='ltr'><em>secundum</em></span> <span class='ocrx_word' id='word_1_132' title='bbox 508 2273 664 2357; x_wconf 78' lang='lat' dir='ltr'><em>jacturam</em></span> <span class='ocrx_word' id='word_1_133' title='bbox 686 2270 799 2348; x_wconf 83' lang='lat' dir='ltr'><em>cornis,</em></span> <span class='ocrx_word' id='word_1_134' title='bbox 821 2269 878 2334; x_wconf 88' lang='lat' dir='ltr'><em>sed</em></span> <span class='ocrx_word' id='word_1_135' title='bbox 899 2267 1070 2334; x_wconf 90' lang='lat' dir='ltr'><em>secundum</em></span> <span class='ocrx_word' id='word_1_136' title='bbox 1091 2268 1281 2334; x_wconf 88' lang='lat' dir='ltr'><em>communio-</em></span> 
     </span>
     <span class='ocr_line' id='line_1_18' title="bbox 127 2369 1278 2457; baseline 0 -21"><span class='ocrx_word' id='word_1_137' title='bbox 127 2393 199 2436; x_wconf 90' lang='lat' dir='ltr'><em>nem</em></span> <span class='ocrx_word' id='word_1_138' title='bbox 216 2372 351 2457; x_wconf 87' lang='lat' dir='ltr'><em>Spiritus</em></span> <span class='ocrx_word' id='word_1_139' title='bbox 364 2373 411 2439; x_wconf 86' lang='lat' dir='ltr'><em>fit.</em></span> <span class='ocrx_word' id='word_1_140' title='bbox 450 2373 523 2438; x_wconf 93' lang='lat' dir='ltr'><em>Non</em></span> <span class='ocrx_word' id='word_1_141' title='bbox 545 2373 628 2438; x_wconf 90' lang='lat' dir='ltr'><em>enim</em></span> <span class='ocrx_word' id='word_1_142' title='bbox 650 2380 740 2438; x_wconf 83' lang='lat' dir='ltr'><em>erunt</em></span> <span class='ocrx_word' id='word_1_143' title='bbox 761 2371 828 2437; x_wconf 90' lang='lat' dir='ltr'><em>sine</em></span> <span class='ocrx_word' id='word_1_144' title='bbox 849 2392 953 2449; x_wconf 79' lang='lat' dir='ltr'><em>carne,</em></span> <span class='ocrx_word' id='word_1_145' title='bbox 972 2369 1086 2456; x_wconf 87' lang='lat' dir='ltr'><em>quibus</em></span> <span class='ocrx_word' id='word_1_146' title='bbox 1103 2371 1278 2447; x_wconf 72' lang='lat' dir='ltr'><em>scribebat,</em></span> 
     </span>
     <span class='ocr_line' id='line_1_19' title="bbox 127 2473 1444 2563; baseline -0.001 -21"><span class='ocrx_word' id='word_1_147' title='bbox 127 2476 183 2542; x_wconf 90' lang='lat' dir='ltr'><em>sed</em></span> <span class='ocrx_word' id='word_1_148' title='bbox 197 2477 267 2563; x_wconf 85' lang='lat' dir='ltr'><em>⁵qui</em></span> <span class='ocrx_word' id='word_1_149' title='bbox 281 2484 493 2541; x_wconf 80' lang='lat' dir='ltr'><em>assumserunt</em></span> <span class='ocrx_word' id='word_1_150' title='bbox 508 2476 658 2563; x_wconf 91' lang='lat' dir='ltr'><em>Spiritum</em></span> <span class='ocrx_word' id='word_1_151' title='bbox 668 2475 739 2553; x_wconf 91' lang='lat' dir='ltr'><em>Dei,</em></span> <span class='ocrx_word' id='word_1_152' title='bbox 751 2475 783 2538; x_wconf 92' lang='lat' dir='ltr'><em>in</em></span> <span class='ocrx_word' id='word_1_153' title='bbox 795 2495 857 2559; x_wconf 93' lang='lat' dir='ltr'><em>quo</em></span> <span class='ocrx_word' id='word_1_154' title='bbox 872 2475 1052 2552; x_wconf 80' lang='lat' dir='ltr'><em>clamamus,</em></span> <span class='ocrx_word' id='word_1_155' title='bbox 1064 2474 1161 2539; x_wconf 81' lang='lat' dir='ltr'>Abba</span> <span class='ocrx_word' id='word_1_156' title='bbox 1172 2473 1280 2541; x_wconf 80' lang='lat' dir='ltr'><em>Pater.</em></span> <span class='ocrx_word' id='word_1_157' title='bbox 1294 2499 1444 2541; x_wconf 63' lang='lat' dir='ltr'><em>sommus</em></span> 
     </span>
     <span class='ocr_line' id='line_1_20' title="bbox 130 2576 1281 2666; baseline -0.001 -23"><span class='ocrx_word' id='word_1_158' title='bbox 130 2578 163 2643; x_wconf 94' lang='lat' dir='ltr'><em>Si</em></span> <span class='ocrx_word' id='word_1_159' title='bbox 179 2579 276 2665; x_wconf 86' lang='lat' dir='ltr'><em>igitur</em></span> <span class='ocrx_word' id='word_1_160' title='bbox 289 2600 372 2644; x_wconf 89' lang='lat' dir='ltr'><em>nunc</em></span> <span class='ocrx_word' id='word_1_161' title='bbox 387 2579 500 2666; x_wconf 86' lang='lat' dir='ltr'><em>pignus</em></span> <span class='ocrx_word' id='word_1_162' title='bbox 518 2579 670 2644; x_wconf 81' lang='lat' dir='ltr'><em>habentes</em></span> <span class='ocrx_word' id='word_1_163' title='bbox 691 2579 871 2656; x_wconf 78' lang='lat' dir='ltr'><em>clamamus,</em></span> <span class='ocrx_word' id='word_1_164' title='bbox 890 2577 984 2641; x_wconf 84' lang='lat' dir='ltr'><em>Ahbs</em></span> <span class='ocrx_word' id='word_1_165' title='bbox 998 2577 1112 2652; x_wconf 79' lang='lat' dir='ltr'><em>Patsr3</em></span> <span class='ocrx_word' id='word_1_166' title='bbox 1136 2576 1211 2661; x_wconf 90' lang='lat' dir='ltr'><em>quid</em></span> <span class='ocrx_word' id='word_1_167' title='bbox 1224 2576 1281 2642; x_wconf 88' lang='lat' dir='ltr'><em>fiet</em></span> 
     </span>
    </p>

    <p class='ocr_par' dir='ltr' id='par_1_6' title="bbox 27 2679 1282 3591">
     <span class='ocr_line' id='line_1_21' title="bbox 27 2679 1281 2769; baseline 0 -24"><span class='ocrx_word' id='word_1_168' title='bbox 27 2706 106 2746; x_wconf 82' lang='lat' dir='ltr'><em>ono.</em></span> <span class='ocrx_word' id='word_1_169' title='bbox 128 2682 251 2767; x_wconf 82' lang='lat' dir='ltr'><em>quando</em></span> <span class='ocrx_word' id='word_1_170' title='bbox 277 2691 473 2769; x_wconf 87' lang='lat' dir='ltr'><em>resurgentes</em></span> <span class='ocrx_word' id='word_1_171' title='bbox 498 2683 629 2749; x_wconf 74' lang='lat' dir='ltr'><em>⁰faciem</em></span> <span class='ocrx_word' id='word_1_172' title='bbox 652 2682 827 2747; x_wconf 79' lang='lat' dir='ltr'><em>adfaciem</em></span> <span class='ocrx_word' id='word_1_173' title='bbox 851 2680 1023 2746; x_wconf 84' lang='lat' dir='ltr'><em>videbimus</em></span> <span class='ocrx_word' id='word_1_174' title='bbox 1037 2701 1133 2761; x_wconf 79' lang='lat' dir='ltr'><em>eum;</em></span> <span class='ocrx_word' id='word_1_175' title='bbox 1156 2679 1281 2764; x_wconf 79' lang='lat' dir='ltr'><em>quando</em></span> 
     </span>
     <span class='ocr_line' id='line_1_22' title="bbox 128 2781 1281 2870; baseline -0.001 -23"><span class='ocrx_word' id='word_1_176' title='bbox 128 2784 233 2848; x_wconf 83' lang='lat' dir='ltr'><em>omnia</em></span> <span class='ocrx_word' id='word_1_177' title='bbox 249 2785 389 2849; x_wconf 82' lang='lat' dir='ltr'><em>membro</em></span> <span class='ocrx_word' id='word_1_178' title='bbox 402 2785 565 2850; x_wconf 84' lang='lat' dir='ltr'><em>affluenter</em></span> <span class='ocrx_word' id='word_1_179' title='bbox 580 2784 781 2850; x_wconf 82' lang='lat' dir='ltr'><em>exultationis</em></span> <span class='ocrx_word' id='word_1_180' title='bbox 801 2782 951 2870; x_wconf 89' lang='lat' dir='ltr'><em>hymnum</em></span> <span class='ocrx_word' id='word_1_181' title='bbox 971 2781 1165 2868; x_wconf 88' lang='lat' dir='ltr'><em>protulerint,</em></span> <span class='ocrx_word' id='word_1_182' title='bbox 1188 2781 1281 2868; x_wconf 87' lang='lat' dir='ltr'><em>glori·</em></span> 
     </span>
     <span class='ocr_line' id='line_1_23' title="bbox 128 2884 1281 2974; baseline 0.002 -25"><span class='ocrx_word' id='word_1_183' title='bbox 128 2886 256 2952; x_wconf 79' lang='lat' dir='ltr'><em>ficantio</em></span> <span class='ocrx_word' id='word_1_184' title='bbox 277 2909 358 2966; x_wconf 92' lang='lat' dir='ltr'><em>eum,</em></span> <span class='ocrx_word' id='word_1_185' title='bbox 382 2888 434 2974; x_wconf 92' lang='lat' dir='ltr'><em>qui</em></span> <span class='ocrx_word' id='word_1_186' title='bbox 457 2889 654 2954; x_wconf 79' lang='lat' dir='ltr'><em>suscitaverit</em></span> <span class='ocrx_word' id='word_1_187' title='bbox 673 2909 712 2953; x_wconf 82' lang='lat' dir='ltr'><em>es</em></span> <span class='ocrx_word' id='word_1_188' title='bbox 732 2910 773 2953; x_wconf 81' lang='lat' dir='ltr'><em>ex</em></span> <span class='ocrx_word' id='word_1_189' title='bbox 795 2886 936 2964; x_wconf 90' lang='lat' dir='ltr'><em>mortuis,</em></span> <span class='ocrx_word' id='word_1_190' title='bbox 958 2891 991 2950; x_wconf 88' lang='lat' dir='ltr'><em>st</em></span> <span class='ocrx_word' id='word_1_191' title='bbox 1012 2892 1163 2949; x_wconf 82' lang='lat' dir='ltr'><em>aeternnm</em></span> <span class='ocrx_word' id='word_1_192' title='bbox 1183 2884 1281 2951; x_wconf 81' lang='lat' dir='ltr'><em>uitem</em></span> 
     </span>
     <span class='ocr_line' id='line_1_24' title="bbox 129 2987 1280 3079; baseline 0.001 -27"><span class='ocrx_word' id='word_1_193' title='bbox 129 2987 309 3055; x_wconf 69' lang='lat' dir='ltr'><em>donaverit?</em></span> <span class='ocrx_word' id='word_1_194' title='bbox 337 2991 371 3056; x_wconf 94' lang='lat' dir='ltr'><em>Si</em></span> <span class='ocrx_word' id='word_1_195' title='bbox 386 2992 469 3056; x_wconf 91' lang='lat' dir='ltr'><em>enim</em></span> <span class='ocrx_word' id='word_1_196' title='bbox 481 2992 595 3079; x_wconf 87' lang='lat' dir='ltr'><em>pignus</em></span> <span class='ocrx_word' id='word_1_197' title='bbox 609 2992 837 3078; x_wconf 82' lang='lat' dir='ltr'><em>⁷complectens</em></span> <span class='ocrx_word' id='word_1_198' title='bbox 848 2989 1006 3054; x_wconf 89' lang='lat' dir='ltr'><em>hominem</em></span> <span class='ocrx_word' id='word_1_199' title='bbox 1020 2987 1053 3052; x_wconf 93' lang='lat' dir='ltr'><em>in</em></span> <span class='ocrx_word' id='word_1_200' title='bbox 1067 2988 1280 3075; x_wconf 84' lang='lat' dir='ltr'><em>semetipsum,</em></span> 
     </span>
     <span class='ocr_line' id='line_1_25' title="bbox 125 3091 1280 3182; baseline 0.003 -28"><span class='ocrx_word' id='word_1_201' title='bbox 125 3092 191 3177; x_wconf 85' lang='lat' dir='ltr'><em>jam</em></span> <span class='ocrx_word' id='word_1_202' title='bbox 207 3093 282 3157; x_wconf 86' lang='lat' dir='ltr'><em>facit</em></span> <span class='ocrx_word' id='word_1_203' title='bbox 297 3095 408 3175; x_wconf 91' lang='lat' dir='ltr'><em>dicere,</em></span> <span class='ocrx_word' id='word_1_204' title='bbox 424 3097 519 3161; x_wconf 82' lang='lat' dir='ltr'><strong>Abba</strong></span> <span class='ocrx_word' id='word_1_205' title='bbox 535 3096 641 3175; x_wconf 83' lang='lat' dir='ltr'><em>Pater,</em></span> <span class='ocrx_word' id='word_1_206' title='bbox 664 3094 737 3182; x_wconf 91' lang='lat' dir='ltr'><em>quid</em></span> <span class='ocrx_word' id='word_1_207' title='bbox 752 3094 846 3159; x_wconf 80' lang='lat' dir='ltr'><em>faciet</em></span> <span class='ocrx_word' id='word_1_208' title='bbox 860 3092 1003 3158; x_wconf 79' lang='lat' dir='ltr'><em>universa</em></span> <span class='ocrx_word' id='word_1_209' title='bbox 1018 3091 1153 3179; x_wconf 87' lang='lat' dir='ltr'><em>Spiritus</em></span> <span class='ocrx_word' id='word_1_210' title='bbox 1166 3092 1280 3180; x_wconf 77' lang='lat' dir='ltr'><em>gratis,</em></span> 
     </span>
     <span class='ocr_line' id='line_1_26' title="bbox 128 3195 1281 3282; baseline 0.003 -24"><span class='ocrx_word' id='word_1_211' title='bbox 128 3216 197 3279; x_wconf 85' lang='lat' dir='ltr'><em>quae</em></span> <span class='ocrx_word' id='word_1_212' title='bbox 212 3195 388 3262; x_wconf 90' lang='lat' dir='ltr'><em>hominibus</em></span> <span class='ocrx_word' id='word_1_213' title='bbox 402 3198 526 3264; x_wconf 84' lang='lat' dir='ltr'><em>dubitur</em></span> <span class='ocrx_word' id='word_1_214' title='bbox 540 3205 579 3265; x_wconf 62' lang='grc' dir='ltr'><em>θα</em></span> <span class='ocrx_word' id='word_1_215' title='bbox 594 3199 680 3264; x_wconf 81' lang='lat' dir='ltr'><em>Dect</em></span> <span class='ocrx_word' id='word_1_216' title='bbox 700 3197 818 3263; x_wconf 87' lang='lat' dir='ltr'><em>similes</em></span> <span class='ocrx_word' id='word_1_217' title='bbox 832 3217 890 3261; x_wconf 91' lang='lat' dir='ltr'><em>nos</em></span> <span class='ocrx_word' id='word_1_218' title='bbox 904 3195 933 3261; x_wconf 87' lang='lat' dir='ltr'><em>si</em></span> <span class='ocrx_word' id='word_1_219' title='bbox 948 3195 1071 3274; x_wconf 86' lang='lat' dir='ltr'><em>efficiet,</em></span> <span class='ocrx_word' id='word_1_220' title='bbox 1094 3202 1127 3261; x_wconf 89' lang='lat' dir='ltr'><em>et</em></span> <span class='ocrx_word' id='word_1_221' title='bbox 1140 3195 1281 3282; x_wconf 87' lang='lat' dir='ltr'><em>perficiet</em></span> 
     </span>
     <span class='ocr_line' id='line_1_27' title="bbox 128 3297 1282 3385; baseline 0.003 -24"><span class='ocrx_word' id='word_1_222' title='bbox 128 3297 304 3364; x_wconf 78' lang='lat' dir='ltr'><em>⁰voluntste</em></span> <span class='ocrx_word' id='word_1_223' title='bbox 327 3299 452 3376; x_wconf 81' lang='lat' dir='ltr'><em>Potris;</em></span> <span class='ocrx_word' id='word_1_224' title='bbox 484 3302 597 3367; x_wconf 86' lang='lat' dir='ltr'><em>efficiet</em></span> <span class='ocrx_word' id='word_1_225' title='bbox 619 3301 702 3366; x_wconf 89' lang='lat' dir='ltr'><em>enim</em></span> <span class='ocrx_word' id='word_1_226' title='bbox 728 3300 886 3365; x_wconf 91' lang='lat' dir='ltr'><em>hominem</em></span> <span class='ocrx_word' id='word_1_227' title='bbox 915 3297 1086 3363; x_wconf 86' lang='lat' dir='ltr'><em>secundum</em></span> <span class='ocrx_word' id='word_1_228' title='bbox 1111 3297 1282 3385; x_wconf 82' lang='lat' dir='ltr'><em>imaginem</em></span> 
     </span>
     <span class='ocr_line' id='line_1_28' title="bbox 128 3399 1282 3492; baseline 0.004 -31"><span class='ocrx_word' id='word_1_229' title='bbox 128 3406 161 3462; x_wconf 92' lang='lat' dir='ltr'><em>et</em></span> <span class='ocrx_word' id='word_1_230' title='bbox 175 3399 407 3467; x_wconf 87' lang='lat' dir='ltr'><em>similitudinem</em></span> <span class='ocrx_word' id='word_1_231' title='bbox 424 3403 496 3469; x_wconf 87' lang='lat' dir='ltr'><em>Dei.</em></span> <span class='ocrx_word' id='word_1_232' title='bbox 543 3404 603 3486; x_wconf 80' lang='lat' dir='ltr'><em>Qui</em></span> <span class='ocrx_word' id='word_1_233' title='bbox 627 3425 702 3492; x_wconf 86' lang='lat' dir='ltr'><em>ergo</em></span> <span class='ocrx_word' id='word_1_234' title='bbox 725 3402 840 3489; x_wconf 84' lang='lat' dir='ltr'><em>pignus</em></span> <span class='ocrx_word' id='word_1_235' title='bbox 864 3401 1000 3488; x_wconf 90' lang='lat' dir='ltr'><em>Spiritus</em></span> <span class='ocrx_word' id='word_1_236' title='bbox 1013 3401 1141 3480; x_wconf 79' lang='lat' dir='ltr'><em>habent,</em></span> <span class='ocrx_word' id='word_1_237' title='bbox 1164 3409 1198 3466; x_wconf 88' lang='lat' dir='ltr'><em>et</em></span> <span class='ocrx_word' id='word_1_238' title='bbox 1219 3423 1282 3466; x_wconf 88' lang='lat' dir='ltr'><em>non</em></span> 
     </span>
     <span class='ocr_line' id='line_1_29' title="bbox 128 3502 1280 3591; baseline 0.003 -26"><span class='ocrx_word' id='word_1_239' title='bbox 128 3503 417 3589; x_wconf 88' lang='lat' dir='ltr'><em>¹⁰concupiscentiis</em></span> <span class='ocrx_word' id='word_1_240' title='bbox 431 3506 533 3572; x_wconf 83' lang='lat' dir='ltr'><em>carnis</em></span> <span class='ocrx_word' id='word_1_241' title='bbox 543 3508 692 3587; x_wconf 84' lang='lat' dir='ltr'><em>serviunt,</em></span> <span class='ocrx_word' id='word_1_242' title='bbox 701 3507 757 3573; x_wconf 90' lang='lat' dir='ltr'><em>sed</em></span> <span class='ocrx_word' id='word_1_243' title='bbox 767 3505 936 3591; x_wconf 92' lang='lat' dir='ltr'><em>subjiciunt</em></span> <span class='ocrx_word' id='word_1_244' title='bbox 945 3502 1129 3589; x_wconf 90' lang='lat' dir='ltr'><em>semetipsos</em></span> <span class='ocrx_word' id='word_1_245' title='bbox 1139 3502 1280 3588; x_wconf 90' lang='lat' dir='ltr'><em>Spiritui,</em></span> 
     </span>
    </p>
   </div>
   <div class='ocr_carea' id='block_1_6' title="bbox 126 3664 1282 4463">
    <p class='ocr_par' dir='ltr' id='par_1_7' title="bbox 126 3664 1282 4463">
     <span class='ocr_line' id='line_1_30' title="bbox 179 3664 1006 3730; baseline 0.002 -17"><span class='ocrx_word' id='word_1_246' title='bbox 179 3664 188 3696; x_wconf 91' lang='lat'>¹</span> <span class='ocrx_word' id='word_1_247' title='bbox 205 3682 222 3713; x_wconf 86' lang='lat' dir='ltr'><em>a</em></span> <span class='ocrx_word' id='word_1_248' title='bbox 233 3667 334 3729; x_wconf 77' lang='lat' dir='ltr'><em>Sptruo,</em></span> <span class='ocrx_word' id='word_1_249' title='bbox 350 3668 404 3729; x_wconf 72' lang='lat' dir='ltr'><em>Cn,</em></span> <span class='ocrx_word' id='word_1_250' title='bbox 413 3669 569 3730; x_wconf 78' lang='lat' dir='ltr'><em>AR.,Voss.‚</em></span> <span class='ocrx_word' id='word_1_251' title='bbox 584 3670 635 3719; x_wconf 82' lang='lat' dir='ltr'><em>und</em></span> <span class='ocrx_word' id='word_1_252' title='bbox 645 3670 677 3720; x_wconf 84' lang='lat' dir='ltr'><em>cf.</em></span> <span class='ocrx_word' id='word_1_253' title='bbox 777 3668 788 3700; x_wconf 74' lang='lat'><strong>⁶</strong></span> <span class='ocrx_word' id='word_1_254' title='bbox 804 3668 857 3717; x_wconf 79' lang='lat' dir='ltr'><em>An.</em></span> <span class='ocrx_word' id='word_1_255' title='bbox 871 3669 946 3717; x_wconf 83' lang='lat' dir='ltr'><em>omits</em></span> <span class='ocrx_word' id='word_1_256' title='bbox 957 3667 1006 3730; x_wconf 72' lang='lat' dir='ltr'><em>qut.</em></span> 
     </span>
     <span class='ocr_line' id='line_1_31' title="bbox 128 3744 1202 3812; baseline 0.006 -19"><span class='ocrx_word' id='word_1_257' title='bbox 128 3744 205 3794; x_wconf 87' lang='lat' dir='ltr'><em>Num.</em></span> <span class='ocrx_word' id='word_1_258' title='bbox 218 3747 251 3796; x_wconf 86' lang='lat' dir='ltr'><em>xi.</em></span> <span class='ocrx_word' id='word_1_259' title='bbox 268 3758 305 3809; x_wconf 88' lang='lat'><em>17,</em></span> <span class='ocrx_word' id='word_1_260' title='bbox 320 3760 358 3811; x_wconf 71' lang='lat'><em>25,</em></span> <span class='ocrx_word' id='word_1_261' title='bbox 378 3750 462 3811; x_wconf 75' lang='grc' dir='ltr'>ἀφελῶ</span> <span class='ocrx_word' id='word_1_262' title='bbox 481 3751 530 3799; x_wconf 74' lang='grc' dir='ltr'><em>ἀπὸ</em></span> <span class='ocrx_word' id='word_1_263' title='bbox 549 3753 593 3800; x_wconf 84' lang='grc' dir='ltr'><em>τοῦ</em></span> <span class='ocrx_word' id='word_1_264' title='bbox 610 3752 678 3799; x_wconf 74' lang='lat' dir='ltr'><em>neri·</em></span> <span class='ocrx_word' id='word_1_265' title='bbox 777 3748 788 3781; x_wconf 77' lang='lat'><strong>⁶</strong></span> <span class='ocrx_word' id='word_1_266' title='bbox 802 3749 903 3812; x_wconf 73' lang='lat' dir='ltr'><em>fatiem,</em></span> <span class='ocrx_word' id='word_1_267' title='bbox 918 3749 1018 3797; x_wconf 66' lang='lat' dir='ltr'>OLERE.</span> <span class='ocrx_word' id='word_1_268' title='bbox 1032 3764 1060 3796; x_wconf 80' lang='lat' dir='ltr'><em>ss</em></span> <span class='ocrx_word' id='word_1_269' title='bbox 1070 3753 1098 3796; x_wconf 72' lang='lat' dir='ltr'><em>at</em></span> <span class='ocrx_word' id='word_1_270' title='bbox 1110 3748 1165 3809; x_wconf 79' lang='lat'><em>338,</em></span> <span class='ocrx_word' id='word_1_271' title='bbox 1180 3760 1202 3810; x_wconf 83' lang='lat'><em>7.</em></span> 
     </span>
     <span class='ocr_line' id='line_1_32' title="bbox 126 3829 1213 3893; baseline 0.005 -18"><span class='ocrx_word' id='word_1_272' title='bbox 126 3844 208 3886; x_wconf 80' lang='grc' dir='ltr'><em>ματος,</em></span> <span class='ocrx_word' id='word_1_273' title='bbox 230 3832 304 3878; x_wconf 80' lang='grc' dir='ltr'>κ.τ.λ.</span> <span class='ocrx_word' id='word_1_274' title='bbox 777 3830 788 3863; x_wconf 83' lang='grc'><strong>7</strong></span> <span class='ocrx_word' id='word_1_275' title='bbox 805 3831 904 3879; x_wconf 69' lang='lat' dir='ltr'><em>Omnis.</em></span> <span class='ocrx_word' id='word_1_276' title='bbox 919 3830 1023 3893; x_wconf 77' lang='lat' dir='ltr'><em>pessimo</em></span> <span class='ocrx_word' id='word_1_277' title='bbox 1034 3829 1213 3892; x_wconf 69' lang='lat' dir='ltr'><em>cotnpltctentet.</em></span> 
     </span>
     <span class='ocr_line' id='line_1_33' title="bbox 176 3906 942 3975; baseline 0.005 -19"><span class='ocrx_word' id='word_1_278' title='bbox 176 3906 304 3958; x_wconf 65' lang='lat' dir='ltr'><em>&#39;Onnum</em></span> <span class='ocrx_word' id='word_1_279' title='bbox 325 3911 415 3960; x_wconf 79' lang='lat' dir='ltr'><em>inserts</em></span> <span class='ocrx_word' id='word_1_280' title='bbox 430 3911 466 3972; x_wconf 75' lang='lat' dir='ltr'><em>to,</em></span> <span class='ocrx_word' id='word_1_281' title='bbox 486 3912 533 3961; x_wconf 88' lang='lat' dir='ltr'><em>but</em></span> <span class='ocrx_word' id='word_1_282' title='bbox 554 3913 681 3975; x_wconf 72' lang='grc' dir='ltr'><em>ἁρῤαβῶια</em></span> <span class='ocrx_word' id='word_1_283' title='bbox 777 3911 855 3960; x_wconf 81' lang='lat' dir='ltr'><em>⁸An.</em></span> <span class='ocrx_word' id='word_1_284' title='bbox 868 3912 942 3960; x_wconf 80' lang='lat' dir='ltr'><em>uteo.</em></span> 
     </span>
     <span class='ocr_line' id='line_1_34' title="bbox 128 3990 1279 4058; baseline 0.004 -22"><span class='ocrx_word' id='word_1_285' title='bbox 128 3990 195 4050; x_wconf 68' lang='grc' dir='ltr'>λέγει</span> <span class='ocrx_word' id='word_1_286' title='bbox 206 3996 275 4038; x_wconf 86' lang='lat' dir='ltr'><em>must</em></span> <span class='ocrx_word' id='word_1_287' title='bbox 286 3992 350 4039; x_wconf 88' lang='lat' dir='ltr'><em>hsvc</em></span> <span class='ocrx_word' id='word_1_288' title='bbox 362 3993 423 4041; x_wconf 87' lang='lat' dir='ltr'><em>been</em></span> <span class='ocrx_word' id='word_1_289' title='bbox 434 3994 460 4040; x_wconf 92' lang='lat' dir='ltr'><em>in</em></span> <span class='ocrx_word' id='word_1_290' title='bbox 472 3994 515 4042; x_wconf 80' lang='lat' dir='ltr'><em>tho</em></span> <span class='ocrx_word' id='word_1_291' title='bbox 526 3994 639 4058; x_wconf 75' lang='lat' dir='ltr'><em>original.</em></span> <span class='ocrx_word' id='word_1_292' title='bbox 777 3993 788 4025; x_wconf 79' lang='lat'><strong>⁹</strong></span> <span class='ocrx_word' id='word_1_293' title='bbox 804 3993 924 4040; x_wconf 62' lang='lat' dir='ltr'><em>uoluntati</em></span> <span class='ocrx_word' id='word_1_294' title='bbox 931 3991 1012 4040; x_wconf 87' lang='lat' dir='ltr'><em>would</em></span> <span class='ocrx_word' id='word_1_295' title='bbox 1023 3992 1097 4041; x_wconf 83' lang='lat' dir='ltr'><em>mnko</em></span> <span class='ocrx_word' id='word_1_296' title='bbox 1108 3992 1190 4041; x_wconf 80' lang='lat' dir='ltr'><em>better</em></span> <span class='ocrx_word' id='word_1_297' title='bbox 1200 4009 1279 4054; x_wconf 59' lang='lat' dir='ltr'><em>sonus</em></span> 
     </span>
     <span class='ocr_line' id='line_1_35' title="bbox 177 4068 1281 4137; baseline 0.005 -19"><span class='ocrx_word' id='word_1_298' title='bbox 177 4068 187 4101; x_wconf 78' lang='lat'>⁸</span> <span class='ocrx_word' id='word_1_299' title='bbox 200 4087 270 4133; x_wconf 69' lang='lat' dir='ltr'><em>puis,</em></span> <span class='ocrx_word' id='word_1_300' title='bbox 294 4073 347 4133; x_wconf 78' lang='lat' dir='ltr'><em>Cn,</em></span> <span class='ocrx_word' id='word_1_301' title='bbox 370 4075 431 4134; x_wconf 72' lang='lat' dir='ltr'><em>An,</em></span> <span class='ocrx_word' id='word_1_302' title='bbox 447 4075 526 4124; x_wconf 87' lang='lat' dir='ltr'><em>Voss.</em></span> <span class='ocrx_word' id='word_1_303' title='bbox 550 4076 619 4137; x_wconf 75' lang='grc' dir='ltr'>μέρος</span> <span class='ocrx_word' id='word_1_304' title='bbox 636 4076 680 4135; x_wconf 81' lang='grc' dir='ltr'><em>τῆς</em></span> <span class='ocrx_word' id='word_1_305' title='bbox 728 4076 744 4124; x_wconf 89' lang='lat' dir='ltr'><em>i.</em></span> <span class='ocrx_word' id='word_1_306' title='bbox 755 4092 776 4124; x_wconf 86' lang='lat' dir='ltr'><em>c.</em></span> <span class='ocrx_word' id='word_1_307' title='bbox 790 4074 941 4122; x_wconf 80' lang='lat' dir='ltr'><em>voluntatem.</em></span> <span class='ocrx_word' id='word_1_308' title='bbox 975 4072 1001 4121; x_wconf 92' lang='lat' dir='ltr'><em>It</em></span> <span class='ocrx_word' id='word_1_309' title='bbox 1013 4089 1063 4121; x_wconf 78' lang='lat' dir='ltr'><em>was</em></span> <span class='ocrx_word' id='word_1_310' title='bbox 1075 4074 1118 4122; x_wconf 89' lang='lat' dir='ltr'><em>ths</em></span> <span class='ocrx_word' id='word_1_311' title='bbox 1128 4074 1189 4122; x_wconf 84' lang='lat' dir='ltr'><em>will</em></span> <span class='ocrx_word' id='word_1_312' title='bbox 1197 4075 1225 4124; x_wconf 80' lang='lat' dir='ltr'><em>oi</em></span> <span class='ocrx_word' id='word_1_313' title='bbox 1238 4075 1281 4124; x_wconf 86' lang='lat' dir='ltr'><em>the</em></span> 
     </span>
     <span class='ocr_line' id='line_1_36' title="bbox 128 4153 1281 4215; baseline 0.005 -17"><span class='ocrx_word' id='word_1_314' title='bbox 128 4153 205 4210; x_wconf 76' lang='grc' dir='ltr'>τιμῆς.</span> <span class='ocrx_word' id='word_1_315' title='bbox 226 4153 289 4201; x_wconf 87' lang='lat' dir='ltr'><em>Edd.</em></span> <span class='ocrx_word' id='word_1_316' title='bbox 300 4161 403 4215; x_wconf 83' lang='lat' dir='ltr'><em>purtem.</em></span> <span class='ocrx_word' id='word_1_317' title='bbox 729 4157 833 4205; x_wconf 73' lang='lat' dir='ltr'><em>Creator</em></span> <span class='ocrx_word' id='word_1_318' title='bbox 843 4156 900 4203; x_wconf 73' lang='lat' dir='ltr'><em>that</em></span> <span class='ocrx_word' id='word_1_319' title='bbox 911 4154 975 4202; x_wconf 80' lang='lat' dir='ltr'><em>Mon</em></span> <span class='ocrx_word' id='word_1_320' title='bbox 991 4154 1081 4203; x_wconf 86' lang='lat' dir='ltr'><em>should</em></span> <span class='ocrx_word' id='word_1_321' title='bbox 1096 4155 1128 4204; x_wconf 87' lang='lat' dir='ltr'><em>hs</em></span> <span class='ocrx_word' id='word_1_322' title='bbox 1142 4155 1238 4204; x_wconf 79' lang='lat' dir='ltr'><em>formed</em></span> <span class='ocrx_word' id='word_1_323' title='bbox 1254 4156 1281 4205; x_wconf 90' lang='lat' dir='ltr'><em>in</em></span> 
     </span>
     <span class='ocr_line' id='line_1_37' title="bbox 176 4231 1281 4303; baseline 0.007 -22"><span class='ocrx_word' id='word_1_324' title='bbox 176 4231 187 4263; x_wconf 84' lang='lat'>⁴</span> <span class='ocrx_word' id='word_1_325' title='bbox 203 4234 339 4283; x_wconf 80' lang='lat' dir='ltr'><em>udsortitur</em></span> <span class='ocrx_word' id='word_1_326' title='bbox 349 4236 374 4283; x_wconf 94' lang='lat' dir='ltr'><em>in</em></span> <span class='ocrx_word' id='word_1_327' title='bbox 386 4236 430 4284; x_wconf 88' lang='lat' dir='ltr'><em>the</em></span> <span class='ocrx_word' id='word_1_328' title='bbox 442 4236 552 4298; x_wconf 67' lang='lat' dir='ltr'><em>Chunus„</em></span> <span class='ocrx_word' id='word_1_329' title='bbox 565 4237 614 4284; x_wconf 87' lang='lat' dir='ltr'><em>nnd</em></span> <span class='ocrx_word' id='word_1_330' title='bbox 625 4253 680 4300; x_wconf 88' lang='lat' dir='ltr'><em>pos·</em></span> <span class='ocrx_word' id='word_1_331' title='bbox 728 4239 772 4287; x_wconf 87' lang='lat' dir='ltr'><em>the</em></span> <span class='ocrx_word' id='word_1_332' title='bbox 783 4239 864 4300; x_wconf 80' lang='lat' dir='ltr'><em>imago</em></span> <span class='ocrx_word' id='word_1_333' title='bbox 875 4236 965 4286; x_wconf 82' lang='lat' dir='ltr'><em>olGod</em></span> <span class='ocrx_word' id='word_1_334' title='bbox 975 4255 981 4298; x_wconf 89' lang='lat'>;</span> <span class='ocrx_word' id='word_1_335' title='bbox 992 4237 1042 4286; x_wconf 80' lang='lat' dir='ltr'><em>und</em></span> <span class='ocrx_word' id='word_1_336' title='bbox 1052 4238 1096 4288; x_wconf 84' lang='lat' dir='ltr'><em>the</em></span> <span class='ocrx_word' id='word_1_337' title='bbox 1106 4237 1184 4303; x_wconf 86' lang='lat' dir='ltr'><em>Spirit</em></span> <span class='ocrx_word' id='word_1_338' title='bbox 1191 4239 1281 4289; x_wconf 69' lang='lat' dir='ltr'><em>carries</em></span> 
     </span>
     <span class='ocr_line' id='line_1_38' title="bbox 127 4312 1018 4381; baseline 0.01 -21"><span class='ocrx_word' id='word_1_339' title='bbox 127 4312 192 4376; x_wconf 80' lang='lat' dir='ltr'><em>sibly</em></span> <span class='ocrx_word' id='word_1_340' title='bbox 203 4313 223 4361; x_wconf 88' lang='lat' dir='ltr'><em>it</em></span> <span class='ocrx_word' id='word_1_341' title='bbox 235 4315 255 4362; x_wconf 88' lang='lat' dir='ltr'><em>is</em></span> <span class='ocrx_word' id='word_1_342' title='bbox 267 4315 310 4363; x_wconf 85' lang='lat' dir='ltr'><em>thu</em></span> <span class='ocrx_word' id='word_1_343' title='bbox 320 4317 426 4378; x_wconf 81' lang='lat' dir='ltr'><em>genuine</em></span> <span class='ocrx_word' id='word_1_344' title='bbox 437 4318 539 4381; x_wconf 73' lang='lat' dir='ltr'><em>reading</em></span> <span class='ocrx_word' id='word_1_345' title='bbox 549 4336 555 4378; x_wconf 90' lang='lat'>;</span> <span class='ocrx_word' id='word_1_346' title='bbox 567 4318 609 4366; x_wconf 82' lang='lat' dir='ltr'><em>the</em></span> <span class='ocrx_word' id='word_1_347' title='bbox 617 4318 681 4367; x_wconf 80' lang='lat' dir='ltr'><em>form</em></span> <span class='ocrx_word' id='word_1_348' title='bbox 729 4321 786 4369; x_wconf 74' lang='lat' dir='ltr'><em>that</em></span> <span class='ocrx_word' id='word_1_349' title='bbox 798 4319 858 4366; x_wconf 89' lang='lat' dir='ltr'><em>Will</em></span> <span class='ocrx_word' id='word_1_350' title='bbox 869 4319 923 4367; x_wconf 88' lang='lat' dir='ltr'><em>into</em></span> <span class='ocrx_word' id='word_1_351' title='bbox 938 4318 1018 4369; x_wconf 77' lang='lat' dir='ltr'><em>effect.</em></span> 
     </span>
     <span class='ocr_line' id='line_1_39' title="bbox 128 4394 1282 4463; baseline 0.01 -21"><span class='ocrx_word' id='word_1_352' title='bbox 128 4394 328 4461; x_wconf 80' lang='lat' dir='ltr'><em>alscrhohuving</em></span> <span class='ocrx_word' id='word_1_353' title='bbox 336 4399 399 4446; x_wconf 87' lang='lat' dir='ltr'><em>been</em></span> <span class='ocrx_word' id='word_1_354' title='bbox 407 4398 532 4447; x_wconf 78' lang='lat' dir='ltr'><em>indicated</em></span> <span class='ocrx_word' id='word_1_355' title='bbox 543 4415 611 4447; x_wconf 88' lang='lat' dir='ltr'><em>mors</em></span> <span class='ocrx_word' id='word_1_356' title='bbox 619 4401 680 4448; x_wconf 74' lang='lat' dir='ltr'><em>than</em></span> <span class='ocrx_word' id='word_1_357' title='bbox 778 4399 800 4432; x_wconf 79' lang='lat'><em>¹⁰</em></span> <span class='ocrx_word' id='word_1_358' title='bbox 822 4400 922 4450; x_wconf 66' lang='lat' dir='ltr'><em>Osann.</em></span> <span class='ocrx_word' id='word_1_359' title='bbox 941 4399 1134 4463; x_wconf 73' lang='lat' dir='ltr'><em>concupiscentis,</em></span> <span class='ocrx_word' id='word_1_360' title='bbox 1160 4406 1206 4452; x_wconf 85' lang='lat' dir='ltr'><em>not</em></span> <span class='ocrx_word' id='word_1_361' title='bbox 1229 4417 1282 4453; x_wconf 77' lang='lat' dir='ltr'><em>eon·</em></span> 
     </span>
    </p>
   </div>
   <div class='ocr_carea' id='block_1_7' title="bbox 129 4477 1278 4626">
    <p class='ocr_par' dir='ltr' id='par_1_8' title="bbox 129 4477 1278 4626">
     <span class='ocr_line' id='line_1_40' title="bbox 129 4477 1278 4550; baseline 0.012 -27"><span class='ocrx_word' id='word_1_362' title='bbox 129 4490 198 4525; x_wconf 84' lang='lat' dir='ltr'><em>onos.</em></span> <span class='ocrx_word' id='word_1_363' title='bbox 235 4477 267 4526; x_wconf 91' lang='lat' dir='ltr'><em>So</em></span> <span class='ocrx_word' id='word_1_364' title='bbox 284 4484 312 4526; x_wconf 82' lang='lat' dir='ltr'><em>at</em></span> <span class='ocrx_word' id='word_1_365' title='bbox 324 4495 350 4542; x_wconf 92' lang='lat' dir='ltr'><em>p.</em></span> <span class='ocrx_word' id='word_1_366' title='bbox 371 4492 424 4541; x_wconf 86' lang='lat'><em>105,</em></span> <span class='ocrx_word' id='word_1_367' title='bbox 443 4496 468 4529; x_wconf 92' lang='lat' dir='ltr'><em>n.</em></span> <span class='ocrx_word' id='word_1_368' title='bbox 485 4478 509 4540; x_wconf 87' lang='lat'><em>6,</em></span> <span class='ocrx_word' id='word_1_369' title='bbox 528 4481 598 4528; x_wconf 85' lang='lat' dir='ltr'><em>three</em></span> <span class='ocrx_word' id='word_1_370' title='bbox 615 4480 681 4544; x_wconf 80' lang='lat' dir='ltr'><em>good</em></span> <span class='ocrx_word' id='word_1_371' title='bbox 729 4482 1170 4550; x_wconf 75' lang='lat' dir='ltr'><em>cupiscentcsssMnss.hnsquoted</em></span> <span class='ocrx_word' id='word_1_372' title='bbox 1185 4486 1207 4536; x_wconf 87' lang='lat' dir='ltr'><em>it</em></span> <span class='ocrx_word' id='word_1_373' title='bbox 1215 4502 1223 4547; x_wconf 88' lang='lat'>;</span> <span class='ocrx_word' id='word_1_374' title='bbox 1245 4486 1278 4538; x_wconf 88' lang='lat' dir='ltr'><em>ib.</em></span> 
     </span>
     <span class='ocr_line' id='line_1_41' title="bbox 129 4556 808 4626; baseline 0.013 -21"><span class='ocrx_word' id='word_1_375' title='bbox 129 4556 206 4606; x_wconf 89' lang='lat' dir='ltr'><em>MSS.</em></span> <span class='ocrx_word' id='word_1_376' title='bbox 219 4558 283 4608; x_wconf 83' lang='lat' dir='ltr'><em>have</em></span> <span class='ocrx_word' id='word_1_377' title='bbox 294 4560 396 4622; x_wconf 79' lang='lat' dir='ltr'><em>absorbi,</em></span> <span class='ocrx_word' id='word_1_378' title='bbox 410 4561 485 4625; x_wconf 74' lang='lat' dir='ltr'><em>again</em></span> <span class='ocrx_word' id='word_1_379' title='bbox 496 4566 560 4626; x_wconf 75' lang='lat' dir='ltr'><em>asp:</em></span> <span class='ocrx_word' id='word_1_380' title='bbox 571 4571 627 4626; x_wconf 72' lang='lat'><em>297,</em></span> <span class='ocrx_word' id='word_1_381' title='bbox 643 4572 665 4623; x_wconf 83' lang='grc'><em>7·</em></span> <span class='ocrx_word' id='word_1_382' title='bbox 729 4563 808 4615; x_wconf 80' lang='lat' dir='ltr'><em>comt.</em></span> 
     </span>
    </p>
   </div>
   <div class='ocr_carea' id='block_1_8' title="bbox 0 0 1505 4994">
    <p class='ocr_par' dir='ltr' id='par_1_9' title="bbox 0 0 1505 4994">
     <span class='ocr_line' id='line_1_42' title="bbox 0 0 1505 4994; baseline 0 0"><span class='ocrx_word' id='word_1_383' title='bbox 0 0 1505 4994; x_wconf 95' lang='lat' dir='ltr'><em> </em></span> 
     </span>
    </p>
   </div>
  </div>
 </body>
</html>
