3000 4994
397 379 562 432 VERBUM
588 378 656 431 DEI
682 374 1016 431 SUSPENDEBATUR.
1224 354 1291 425 373

37 571 38 575 ¹
137 535 305 602 labefacta
321 535 738 620 sunt,sedpereaquaeex
752 532 905 619 sapientia
919 540 952 597 et
970 531 1085 595 virtute
1102 528 1208 594 Patris
1222 529 1291 615 ejus
1329 545 1422 631 'illel

137 639 343 705 substantiam
359 640 544 705 habuerunt.
590 638 700 723 Neque
714 636 797 701 enim
812 635 947 720 iniquus,
962 642 997 699 ut
1014 633 1115 699 aliena
1129 633 1290 718 eoncupis-
1302 637 1453 725 Gffiffyll·

1334 731 1393 770 xvlll.
1403 732 1419 770 Ι.

139 750 210 817 eat3
235 762 335 826 neque
356 740 507 827 indigens,
524 748 559 805 ut
579 761 641 804 non
655 760 711 824 per
726 759 784 802 sua
803 737 928 823 propria
946 736 1012 801 suis
1027 735 1160 822 propriis
1178 735 1293 799 efficiat
1301 736 1453 815 '‘-

139 845 246 921 vitsm‚
274 866 332 908 sus
352 852 444 908 utens
469 842 647 908 conditione
670 842 710 905 ad
733 840 868 905 hominis
890 839 1032 905 salutem.
1077 838 1189 924 Neque
1210 837 1292 902 enim

140 954 295 1031 portasset
320 945 406 1009 illum
431 944 579 1021 conditio,
611 943 654 1008 ¹si
684 943 868 1030 ignorantiae
897 951 930 1007 et
952 941 1033 1007 labis
1061 950 1129 1006 erat
1157 940 1293 1005 emissio.

142 1048 295 1130 Quoniam
321 1048 405 1112 enim
429 1048 532 1134 ipsum
558 1045 701 1111 Verbum
728 1044 789 1109 Dei
813 1045 1008 1109 incarnatum
1033 1063 1217 1129 suspensum
1245 1049 1294 1106 est

140 1174 234 1236 super
247 1151 377 1238 lignum,
393 1172 449 1236 per
463 1149 562 1215 multa
576 1149 808 1214 ostendimus*:
830 1156 863 1214 et
877 1149 937 1233 ipsi
951 1156 1057 1212 autem
1071 1146 1210 1212 haeretiei
1226 1168 1295 1210 eru-
1307 1170 1410 1218 oyem

141 1255 266 1320 eifixum
283 1253 481 1319 confitentur.
519 1252 682 1335 Quomodo
696 1252 810 1339 ²igitur
823 1251 1008 1339 ignorantiae
1027 1259 1061 1315 et
1077 1250 1156 1315 labis
1170 1248 1295 1316 emissio

142 1379 214 1422 eum
241 1357 294 1442 qui
317 1357 456 1421 eontinet
477 1357 690 1421 universorum
712 1355 915 1441 agnitionem,
938 1363 971 1420 et
997 1353 1040 1419 sit
1060 1375 1151 1418 verus
1174 1361 1208 1418 et
1227 1374 1296 1438 per·

142 1460 253 1538 fectus,
273 1468 396 1546 portare
423 1459 546 1545 potuit?
592 1461 660 1525 Aut
686 1460 840 1546 quomodo
863 1465 919 1525 ²ea
942 1482 1011 1547 quae
1034 1460 1187 1525 absconsa
1207 1467 1297 1525 esta

144 1563 240 1627 Patre
264 1571 297 1628 et
319 1562 451 1627 multum
474 1568 618 1647 separata
637 1562 785 1639 conditio,
808 1563 944 1647 portavit
967 1563 1035 1648 ejus
1054 1562 1216 1627 Verbum!
1261 1561 1296 1627 Si

142 1675 248 1732 autem
271 1674 304 1731 et
329 1666 370 1731 ab
395 1665 515 1753 angelis
537 1666 604 1731 haec
631 1665 716 1731 laets
736 1674 795 1743 est,
821 1666 887 1731 sive
907 1665 1124 1753 ignorantibus
1149 1687 1219 1730 eum
1243 1664 1296 1750 qui

143 1771 366 1856 superomnia
393 1779 442 1835 est
469 1769 567 1846 Deus,
592 1769 658 1833 sive
686 1769 867 1848 scientibus,
895 1792 968 1835 eum
989 1769 1103 1834 dixerit
1129 1768 1295 1847 Dominus,

147 1873 296 1952 Quoniam
314 1896 365 1959 epo
385 1874 420 1937 ia
439 1874 549 1950 Patre,
569 1882 598 1937 et
617 1872 717 1936 Pater
733 1874 767 1936 ia
787 1896 833 1937 nte
852 1878 920 1951 ²est,
942 1872 1096 1959 quomodo
1117 1872 1246 1937 Patrem
1264 1880 1297 1937 et
1307 1901 1356 1941 sou.
1366 1899 1408 1940 nv.
1418 1900 1447 1939 n.

146 1975 263 2040 Filium
282 1975 373 2040 simul
391 1974 555 2040 fabricatio
576 1974 758 2062 augelorum
779 1983 904 2059 portare
925 1975 1091 2040 sustinuitt
1136 1975 1299 2056 Quomodo

144 2087 249 2144 autem
271 2101 308 2144 ea
328 2100 399 2165 quae
417 2087 508 2143 extra
528 2079 665 2165 pleroma
679 2085 728 2143 est
743 2077 881 2143 conditio
897 2077 980 2164 cepit
994 2099 1076 2155 eum,
1092 2077 1145 2163 qui
1160 2078 1300 2143 eontinet

145 2182 322 2245 universum
336 2180 494 2265 pleroma?
540 2180 620 2245 Oum
640 2180 736 2267 igitur
754 2180 822 2245 haee
840 2180 945 2244 omnia
959 2179 1163 2265 impossibilia
1176 2180 1251 2258 sint,
1267 2187 1300 2246 et

146 2284 360 2371 probationem
376 2304 438 2347 non
452 2283 598 2360 habeant,
621 2282 696 2346 illud
714 2282 814 2346 solum
829 2305 935 2348 verum
950 2292 1000 2348 est
1019 2282 1170 2348 Ecclesiae
1184 2304 1299 2369 praeeo-

147 2387 243 2464 nium,
259 2386 405 2472 quoniam
420 2386 544 2471 propria
554 2384 700 2462 conditio,
713 2406 783 2471 quae
798 2407 838 2449 ex
852 2385 966 2450 virtute
981 2395 1014 2451 et
1024 2395 1092 2452 arte
1103 2395 1136 2451 et
1146 2386 1301 2472 sapientia

148 2489 209 2553 Dei
224 2488 374 2567 substitit,
391 2487 526 2573 portavit
540 2509 627 2563 eum;
647 2509 716 2573 quse
731 2487 856 2573 quidem
871 2489 1043 2553 seeundum
1059 2489 1301 2553 invisibilitatem

147 2613 166 2655 a
182 2591 279 2656 Patre
293 2598 444 2675 portatur,
460 2590 631 2655 seeundum
646 2589 783 2654 ⁸visibile
797 2599 903 2654 autem
917 2591 1101 2656 econtrario
1115 2599 1220 2675 portat
1234 2592 1302 2677 ejus

149 2695 306 2758 Verbum:
331 2703 363 2758 et
380 2695 442 2759 hoc
460 2702 510 2758 est
532 2699 665 2759 *verum
704 2692 801 2758 Pater
822 2693 906 2757 enim
926 2693 1136 2758 conditionem
1155 2693 1248 2757 simul
1269 2703 1302 2760 et

150 2796 291 2862 Verbum
318 2818 410 2860 suum
435 2804 574 2883 portans,
601 2803 634 2861 et
657 2793 799 2860 Verbum
824 2803 983 2880 portatum
1004 2818 1025 2861 a
1053 2796 1149 2861 Patre
1171 2804 1302 2884 praestat

148 2899 315 2984 ⁵Spiritum
330 2900 485 2977 omnibus,
497 2898 757 2985 quemadmodum
767 2899 833 2964 vult
847 2901 960 2964 Pater:
981 2899 1166 2987 quibusdam
1178 2899 1303 2986 quidem

147 3002 318 3067 seeundum
337 3001 558 3080 conditionem,
581 3001 682 3087 6quod
702 3010 752 3067 est
769 3002 967 3080 conditionis,
988 3002 1071 3088 quod
1093 3010 1142 3069 est
1163 3003 1301 3068 factum:

199 3187 209 3218 ¹
224 3188 322 3248 Mass,
331 3188 409 3250 citing
420 3203 447 3236 as
456 3189 498 3237 the
507 3187 699 3247 Ousnu.,Vnu.,

149 3269 230 3318 Voss.
244 3269 353 3333 reading,
366 3268 388 3316 si
400 3269 463 3332 quod
477 3268 623 3332 ignorantia
637 3277 658 3319 et
669 3270 704 3318 la·

150 3350 186 3399 oo
198 3357 256 3409 erat,
279 3350 366 3398 emisit.
403 3350 455 3398 But
473 3351 515 3399 the
533 3351 633 3400 Cusus.
653 3352 703 3400 and

151 3433 201 3480 Aa.
210 3432 273 3480 omit
279 3430 350 3493 qaod,
361 3431 411 3479 and
419 3432 462 3480 the
470 3431 545 3480 latter
552 3431 609 3481 MS.
619 3448 704 3495 agrees

151 3514 213 3562 with
224 3513 313 3562 Mssa.
326 3525 356 3561 11.
374 3513 424 3561 and
435 3513 478 3561 the
489 3518 547 3574 rest,
564 3515 589 3562 in
601 3515 705 3579 reading

753 3191 813 3239 with
824 3191 923 3240 Verbum
932 3190 1243 3256 immediatelypreoeding‚
1254 3191 1304 3239 and

752 3270 891 3335 iudicating
901 3272 928 3319 in
939 3272 983 3320 the
994 3271 1084 3332 Greek,
1100 3274 1140 3321 sal
1154 3270 1223 3322 οὗτός
1240 3273 1305 3321 ἐστιν

754 3354 871 3413 ἀληθινός,
885 3354 923 3403 i.e.
937 3355 980 3402 tbe
993 3355 1072 3403 Word
1083 3356 1142 3404 thus
1154 3355 1228 3404 made
1243 3354 1304 3404 flesh

754 3447 805 3479 was
816 3433 859 3481 the
871 3448 931 3496 very
942 3432 1021 3481 Word
1033 3432 1061 3481 of
1069 3432 1133 3482 God.
1169 3434 1207 3482 Cf.
1226 3433 1305 3481 above

756 3513 794 3578 (a)
805 3530 875 3564 versu
889 3522 910 3565 et
921 3515 1058 3579 persecute,-
1077 3516 1128 3565 and
1145 3517 1200 3565 1100
1213 3523 1264 3565 erat
1277 3515 1306 3564 ia

151 3602 209 3658 erat,
222 3600 332 3644 notasset
343 3611 370 3644 as
382 3596 407 3643 in
420 3596 522 3655 Gsssu,
535 3612 562 3644 as
574 3596 626 3644 also
637 3596 703 3646 emis-
751 3595 887 3659 pedereips'o,
900 3597 987 3647 below.

151 3677 194 3726 oio.
228 3677 281 3726 The
289 3677 372 3725 Greek
379 3677 485 3741 original
494 3677 616 3726 therefore
623 3679 705 3727 would

152 3774 218 3807 seem
230 3763 256 3806 to
268 3759 332 3807 have
343 3758 404 3807 been
415 3775 420 3807 :
438 3760 492 3807 otte
504 3761 554 3821 γὰρ
569 3760 706 3821 ἐβάστασεν

153 3840 181 3887 ἂν
193 3840 291 3898 auvert
308 3841 391 3900 κτίσις,
411 3842 432 3888 el
449 3842 546 3901 ἀγνοίας
558 3843 597 3889 nal
609 3841 706 3903 ὑστερῆ

152 3939 228 3980 ματος
239 3920 269 3980 ἦν
280 3923 377 3983 καρπός.

202 4002 214 4033 ³
230 4004 290 4063 As,
300 4004 381 4052 Voss.
390 4018 444 4065 ονσο
451 4022 462 4059 ,·
475 4004 518 4052 the
530 4005 622 4052 former
632 4004 707 4053 omits

154 4101 189 4144 eu,
203 4086 253 4133 and
265 4084 340 4133 lower
351 4085 425 4132 down
436 4090 482 4133 est.

204 4166 215 4198 ⁸
232 4169 260 4215 τὸ
271 4169 365 4228 ὅρατοσ.
388 4165 486 4226 visibile,
496 4166 546 4213 Aa.
557 4164 656 4226 (Maso.
665 4178 704 4227 11,

156 4247 265 4313 Mass),
284 4250 329 4298 but
346 4249 420 4307 Vsa,
434 4248 523 4306 Voss,
544 4247 588 4295 Cn.
607 4247 708 4296 mobili-

156 4337 233 4377 tatem,

204 4409 216 4441 ⁴
233 4410 344 4469 Cossu„
354 4410 445 4468 Voss,
455 4410 544 4458 Musa.
554 4420 583 4456 11.
596 4407 704 4469 Verbum,

156 4493 202 4541 but
213 4497 239 4540 to
251 4492 293 4540 tbe
305 4491 456 4539 destruction
466 4490 494 4539 of
502 4490 545 4538 the
553 4504 631 4537 senae.
655 4490 706 4538 As.

156 4580 177 4621 et
198 4572 241 4621 loe
257 4578 289 4621 est
304 4587 393 4631 aarum,
412 4572 455 4619 the
474 4574 618 4634 agreement
633 4569 709 4633 being

804 3674 815 3706 ³
831 3677 884 3725 The
900 3677 970 3741 Holy
982 3677 1061 3741 Spirit
1074 3678 1205 3736 therefore,
1225 3678 1304 3739 “pro-

755 3759 857 3807 oeedeth
870 3760 934 3808 from
945 3761 989 3809 the
1006 3760 1100 3808 Fatber
1111 3758 1160 3807 aud
1175 3760 1219 3807 the
1230 3757 1307 3807 Son.”

756 3839 822 3904 Only
834 3841 875 3888 the
893 3841 970 3904 Spirit
986 3842 1007 3889 is
1024 3841 1078 3889 said
1092 3845 1118 3889 to
1136 3840 1210 3889 stand
1226 3840 1252 3887 in
1262 3841 1306 3889 tho

756 3937 823 3969 same
840 3923 903 3970 ratio
921 3927 949 3971 to
971 3922 1090 3981 theson,
1111 3922 1168 3970 that
1190 3921 1232 3969 the
1255 3921 1305 3970 Son

756 4004 827 4053 bears
838 4009 865 4051 to
876 4004 920 4052 tlte
931 4003 1031 4062 Fatber,
1049 4001 1101 4063 162,
1118 4018 1140 4065 3.
1174 4003 1306 4052 Theret'oro

757 4085 800 4133 the
817 4086 956 4148 proeession
975 4086 1060 4134 ottho
1079 4086 1156 4149 Spirit
1177 4085 1241 4133 from
1263 4085 1306 4134 the

758 4168 810 4216 Son
821 4167 894 4215 could
905 4183 980 4216 never
990 4168 1054 4216 bave
1064 4169 1127 4217 been
1134 4166 1221 4215 denied
1230 4167 1255 4214 in
1263 4167 1306 4217 the

757 4247 875 4311 theology
885 4248 914 4296 of
923 4249 948 4297 S.
962 4249 1097 4298 Isnuaus.

807 4326 817 4358 ⁸
834 4328 897 4390 quod
907 4337 938 4378 eet
950 4329 1102 4378 conditionis.
1126 4329 1205 4377 These
1216 4327 1304 4388 words,

757 4407 857 4472 printed
874 4409 908 4472 by
919 4409 1014 4458 Gitana
1031 4411 1094 4457 from
1109 4410 1152 4458 the
1166 4409 1217 4457 AB.
1238 4406 1305 4467 Mu,

758 4489 808 4538 and
819 4489 963 4554 discharged
977 4491 1010 4556 by
1022 4492 1152 4542 Msssusu
1165 4507 1197 4540 on
1210 4491 1254 4540 the
1264 4506 1307 4539 au·

758 4570 888 4634 thorityoi
895 4571 938 4620 the
949 4573 1061 4634 (lusum,
1068 4572 1145 4634 Vsa,
1159 4572 1209 4622 and
1216 4571 1306 4631 Voss,
