3000 4994
569 389 748 445 u1s11³nn
775 392 925 447 simun.
1252 382 1319 450 159

158 543 313 639 τάγματι
359 549 473 647 φησίν·
514 551 567 621 ὅτι
606 551 694 641 αὐτῷ
728 559 778 642 τῷ
814 551 928 652 Κυρίῳ
971 551 1034 625 ott*
1074 551 1115 626 du
1152 555 1316 643 ἐπείσθην,
1331 565 1482 656 Ῑῑξξξξῇξ

157 657 266 731 ἄλλον
295 659 381 732 θεὸν
405 664 681 755 καταγγέλλοντι
712 661 804 763 παρὰ
830 662 893 737 τὸν
918 663 1202 766 linteamin...
1340 659 1466 747 “Adidv'

1328 780 1477 796 ᾖ

158 814 307 893 Quonam
322 815 384 903 ipsi
400 837 515 905 quoque
536 818 665 886 Domino
683 841 743 887 non
762 821 966 902 crunnum,
985 822 1118 889 edorum
1138 824 1240 891 Deun
1258 847 1315 893 on·

154 918 323 1000 nuntianti,
336 929 457 1006 pretor
468 919 692 1005 fabricatorem
709 932 738 988 ct
749 925 905 1008 foetorem
924 934 952 991 et
970 927 1150 992 nutritorem
1170 937 1313 995 nostraene.

65 1038 135 1078 sace
154 1018 220 1084 Sed
235 1022 378 1106 quonionu
397 1020 435 1085 ab
455 1044 514 1088 uno
531 1025 609 1102 Doo,
630 1025 685 1110 qni
704 1033 733 1090 ot
749 1025 827 1090 iunco
843 1024 990 1092 mundone
1003 1027 1095 1114 fecit,
1115 1037 1144 1092 et
1162 1050 1213 1093 nos
1223 1028 1312 1117 phc-

152 1122 259 1202 nmoit,
274 1130 303 1186 ct
317 1125 418 1188 munio
437 1125 567 1190 continet
583 1135 611 1190 ct
625 1126 832 1206 administrat,
854 1129 1027 1216 uuiqcnitus
1045 1129 1151 1194 Funus
1169 1131 1253 1197 ocnit
1267 1132 1314 1201 od

152 1245 213 1304 noe,
228 1247 316 1290 sunm
322 1227 448 1312 pucino
462 1228 496 1292 in
509 1230 695 1315 scuutinsum
709 1230 925 1317 recapitulans,
934 1232 1034 1314 firmo
1049 1241 1092 1297 cet
1104 1255 1171 1298 nuc
1185 1233 1232 1298 ud
1244 1256 1311 1299 eunt

142 1328 233 1409 fides,
256 1337 285 1392 et
305 1329 466 1395 immobilis
486 1353 560 1417 crqa
580 1333 710 1398 Putrem
730 1333 862 1412 dilectio,
879 1327 1018 1421 ¹utruque
1041 1335 1105 1400 Deo
1126 1335 1209 1401 nobis
1221 1359 1310 1422 prce-

152 1428 245 1496 bcntc.
282 1431 392 1518 Neque
413 1433 497 1498 enim
520 1435 650 1500 Patrem
671 1456 857 1522 cognoscere
882 1435 952 1522 quis
973 1443 1089 1523 potest,
1115 1437 1177 1502 nisi
1200 1436 1309 1504 Verbo

153 1530 224 1613 Dei,
246 1532 278 1597 id
299 1542 358 1613 eet,
377 1534 436 1600 nisi
454 1534 537 1601 Filio
556 1535 733 1612 revelante;
754 1559 854 1625 neque
875 1536 1003 1617 Filium,
1018 1537 1079 1603 nisi
1096 1537 1202 1604 Patris
1215 1539 1308 1606 bene-

151 1633 276 1718 placito.
322 1636 446 1701 Bonum
470 1643 578 1702 autem
603 1638 752 1726 placitum
776 1640 882 1705 Patris
911 1639 1013 1705 Filius
1035 1639 1172 1726 perficit:
1208 1640 1308 1709 mittit

150 1737 234 1802 enim
248 1740 359 1817 Pater3
379 1741 515 1807 mittitur
526 1747 632 1807 autem
644 1750 677 1808 et
687 1742 773 1808 venit
783 1742 894 1809 Filius.
928 1742 974 1808 Et
983 1743 1111 1808 Patrem
1124 1743 1249 1831 quidem
1261 1745 1307 1808 in-

150 1838 301 1906 visibilem
312 1850 345 1908 et
358 1844 680 1926 'indeterminabilem
690 1853 841 1933 quantum
853 1846 895 1910 ad
905 1867 963 1914 nos
975 1852 1033 1925 est,
1043 1846 1204 1933 cognoscit
1215 1868 1307 1911 suum

149 1941 247 2027 ipsius
263 1943 413 2023 Verbum,
434 1953 553 2011 etcum
572 1945 614 2011 sit
634 1947 858 2026 inenarrabilis,
879 1947 946 2033 ipse
966 1955 1090 2012 enarrat
1108 1969 1180 2013 eum
1195 1947 1304 2013 nobis:

149 2067 271 2111 rursum
285 2055 390 2113 antem
407 2047 549 2114 Verbum
567 2070 660 2114 suum
673 2049 758 2114 solus
778 2048 940 2136 cognoscit
962 2049 1075 2114 Pater:
1099 2056 1231 2134 utraque
1250 2070 1306 2113 au·

148 2156 214 2214 tem
238 2149 307 2214 haec
328 2150 374 2215 sic
395 2172 430 2217 se
450 2150 565 2216 habere
591 2151 799 2216 manifestavit
823 2151 988 2217 Dominus.
1033 2151 1079 2215 Et
1099 2159 1225 2237 propter
1245 2151 1306 2218 hoc

151 2251 251 2317 Filius
283 2253 398 2319 revelat
432 2253 625 2341 agnitionem
662 2253 768 2319 Patris
802 2275 857 2338 per
890 2275 979 2319 snam
1010 2253 1304 2321 manifestationem.

148 2355 283 2442 Agnitio
302 2358 386 2422 enim
401 2357 509 2423 Patris
526 2365 575 2422 est
592 2356 665 2421 Filii
683 2356 913 2423 manifestatio:
938 2355 1043 2420 omnia
1057 2354 1140 2421 enim
1152 2377 1207 2441 per
1223 2355 1305 2422 Ver-

148 2458 223 2522 bum
237 2460 485 2525 manifestantur.
529 2459 578 2526 Ut
593 2481 667 2548 ergo
679 2481 937 2547 cognosceremus
951 2458 1096 2546 qnoniam
1111 2458 1163 2545 qui
1178 2458 1304 2525 advenit

148 2559 259 2640 Filius,
275 2561 342 2648 ipse
361 2570 410 2628 est
425 2562 477 2649 qui
491 2562 683 2650 agnitionem
704 2563 810 2628 Patris
829 2563 904 2627 facit
919 2561 1116 2626 credentibus
1134 2560 1205 2639 sibi,
1221 2559 1304 2626 dice·

148 2663 204 2729 bat
224 2664 399 2751 discipulis:
424 2666 522 2731 Nemo
541 2667 684 2753 coquoscit
706 2665 842 2730 ²Filium
859 2665 922 2730 nisi
935 2665 1046 2743 Pater,
1066 2684 1159 2749 nequo
1172 2664 1304 2728 Patrone

146 2766 209 2830 niei
221 2766 336 2844 Filium,
349 2775 377 2830 et
391 2767 614 2853 quibuscunque
624 2767 731 2832 Filius
745 2766 947 2840 recubuerit·
972 2765 1086 2831 docens
1100 2762 1303 2850 semetipsum

145 2875 179 2933 et
194 2867 324 2934 Patrem
338 2869 420 2935 sicut
434 2877 492 2948 est,
511 2877 548 2935 ut
561 2869 694 2937 alterum
714 2890 778 2936 nou
796 2868 983 2956 recipiamus
1002 2870 1141 2948 Patrem,
1156 2866 1217 2931 nisi
1230 2885 1303 2932 eum

145 2970 198 3056 qui
213 2994 233 3035 a
249 2971 332 3037 Filio
345 2972 506 3038 revelatur.

208 3077 241 3140 3.
281 3075 347 3142 Hic
361 3082 468 3141 autem
482 3083 532 3142 est
546 3074 714 3142 fabricator
727 3074 799 3143 coeli
814 3082 847 3141 et
862 3083 963 3153 terrae,
981 3074 1242 3162 quemadmodum
1262 3094 1303 3139 ex

143 3178 336 3245 sermonibus
356 3181 424 3266 ejus
438 3178 626 3257 ostenditnr3
650 3187 683 3245 et
702 3201 766 3245 non
787 3177 882 3264 isqui
900 3199 921 3243 a
942 3176 1115 3258 Marcione,
1131 3175 1179 3242 vel
1198 3197 1219 3240 a
1235 3174 1302 3242 Va·

142 3278 268 3360 lentiuo,
284 3290 340 3348 aut
354 3303 374 3348 a
388 3282 536 3360 Basilide,
551 3289 607 3348 aut
621 3303 641 3348 a
656 3283 853 3369 cumeae,
873 3288 929 3346 aut
945 3281 1082 3360 Simone,
1100 3286 1156 3345 aut
1175 3278 1302 3366 reliquis

142 3381 220 3447 salso
232 3384 478 3472 ³cogn0minatis
494 3384 655 3450 Gnosticis
669 3384 854 3450 adinventus
867 3390 916 3448 est
935 3381 1032 3448 falam
1048 3383 1155 3448 Pater.
1199 3381 1301 3447 Nemo

141 3486 225 3551 enim
238 3486 360 3552 illorum
381 3487 482 3554 Filius
496 3487 555 3552 luit
570 3487 642 3566 Dei,
665 3489 721 3553 sed
736 3486 880 3554 Christus
899 3485 923 3549 J
925 3507 997 3550 esus
1012 3485 1168 3550 Dominus
1182 3492 1298 3564 noster,

140 3589 288 3656 adversus
314 3611 406 3676 quem
429 3599 461 3656 et
481 3589 685 3656 ⁴contrariam
708 3597 855 3656 exercent
876 3587 1082 3675 disciplinam,
1104 3587 1299 3673 incognitum

141 3692 246 3758 Deum
259 3695 410 3760 audentes
424 3694 617 3760 annuntiare.
661 3693 787 3761 Debent
800 3701 907 3759 autem
922 3692 955 3756 in
974 3690 1159 3776 semetipsos
1172 3690 1295 3758 audire:

114 3858 120 3870 ‚
140 3797 401 3883 quemadmodum
415 3796 499 3861 enim
518 3795 707 3883 incognitus,
730 3795 783 3883 qui
802 3796 843 3860 ab
863 3794 940 3882 ipsis
958 3793 1178 3881 cognoscitur?
1199 3791 1297 3876 quod-

139 3921 261 3985 cunque
280 3899 364 3964 enim
384 3898 432 3964 vel
451 3921 472 3964 a
491 3899 598 3985 paucis
616 3898 824 3986 cognoscitur,
845 3918 908 3962 nnn
923 3904 971 3960 est
990 3895 1193 3981 incognitum.
1230 3892 1297 3958 Do·

139 4003 243 4068 miuus
268 4009 375 4067 antem
401 4023 464 4067 non
487 4002 648 4067 intutum
673 4022 736 4066 non
761 4021 852 4085 posse
878 3997 1025 4085 cognosci
1048 4004 1081 4061 et
1108 3997 1238 4061 Patrem
1263 4003 1297 4062 et

140 4103 259 4169 Filium
273 4105 367 4170 dixit:
392 4110 558 4171 ⁶coeterum
572 4124 782 4190 supervacuus
796 4102 906 4167 luisset
920 4100 1072 4165 adventus
1089 4101 1168 4186 ejm.
1212 4098 1296 4180 Quid

138 4207 222 4271 enim
236 4208 298 4274 huc
312 4207 476 4275 veniebat!
497 4229 539 4273 an
553 4207 599 4273 uti
614 4207 732 4273 diceret
750 4205 857 4272 nobis:
884 4202 990 4268 Nolite
1009 4223 1147 4288 quaerere
1168 4202 1292 4279 Deum3

186 4359 197 4391 ¹
214 4362 269 4422 cn,
288 4361 368 4412 Voss.
384 4361 622 4425 incumbentem,
639 4363 689 4412 Aa
791 4358 804 4393 ⁸
821 4358 875 4421 cu,
889 4356 979 4418 Voss,
993 4355 1058 4406 Fau.
1071 4371 1150 4419 uam.
1162 4355 1195 4406 ol.
1210 4371 1294 4422 cmc

138 4443 227 4492 Mrnc.
240 4455 271 4493 11.
284 4442 494 4495 innominabilem.
742 4441 813 4492 nine.

186 4521 198 4555 ¹
222 4523 300 4574 MS&
319 4525 420 4576 Patren
436 4527 488 4578 niet
506 4526 595 4590 nutu,
617 4542 691 4592 neque
790 4521 802 4555 ⁴
819 4520 934 4584 bantur,
948 4520 1049 4572 doxain
1059 4519 1223 4572 deterreantur.

138 4602 389 4657 Fuimuistl’atcr.
789 4604 933 4666 'cutem
951 4603 1005 4655 ne
1020 4601 1166 4655 ἐπλιόνασο
1182 4599 1219 4653 du.
