3000 4994
460 371 723 426 uusunnucrro
749 368 949 425 uoeruuu.
1209 351 1276 418 355

1298 537 1387 620 mrv'
1396 534 1443 575 stit.

1298 629 1343 669 en
1353 612 1380 668 r.
1388 625 1433 666 nu

1309 676 1387 716 uses.
1397 673 1424 715 v.

584 717 686 783 OAP.
709 716 815 781 XIII.
1328 721 1401 762 ¹¹¹¹·

1291 799 1440 812 -———

127 869 343 945 Muciorum
366 871 547 970 operiret
569 869 843 946 resurrectionis
866 869 1037 945 bohemos
1062 867 1103 943 io
1127 863 1281 943 motuis

203 1016 229 1063 o
258 989 401 1064 Obricto
426 989 629 1067 mentatio:
662 988 846 1088 cordaque
872 1002 996 1065 orooro
1021 986 1182 1087 oopooio
1209 1010 1281 1061 osee

203 1105 285 1182 oitoe
299 1121 438 1183 <eterno
455 1135 495 1184 eo
512 1107 758 1200 ostenduntur,
778 1105 875 1206 qood
891 1133 988 1182 onoc
1004 1103 1193 1206 Spiritum
1204 1101 1283 1179 Dei

204 1236 399 1323 receptant.

32 1434 112 1474 uoce.
132 1409 162 1471 l.
195 1405 333 1470 Drcsur
355 1405 453 1472 ¹enim
468 1406 557 1472 nobis
574 1406 607 1471 bi
622 1405 674 1494 qui
686 1405 844 1473 contraria
858 1405 978 1484 dicunt,
1002 1404 1108 1485 idest,
1132 1405 1185 1491 qui
1208 1428 1281 1473 con-

129 1508 288 1574 tradicunt
303 1512 385 1574 ¹suae
405 1508 509 1588 saluti,
530 1507 663 1575 ¹eummi
689 1508 868 1574 Sacerdotis
886 1518 1010 1574 mortua
1028 1507 1103 1584 filia,
1124 1516 1157 1573 et
1179 1508 1280 1574 viduae
1293 1509 1429 1597 yffi&

130 1609 213 1676 filius
233 1611 285 1699 qui
308 1611 408 1676 ³circe
428 1619 551 1697 portem
572 1619 714 1675 mortuus
734 1611 928 1688 efferebatur,
951 1617 985 1676 et
1005 1610 1160 1675 ¹Lazerus
1175 1609 1228 1697 qui
1248 1609 1421 1675 in³⁰¹⁴¹¹³¹

130 1724 331 1780 monumento
350 1722 511 1801 ⁶quurtnm
530 1715 666 1779 habebut
680 1714 772 1792 diem,
794 1713 827 1777 in
842 1713 954 1800 quibus
971 1713 1196 1779 resurrexerint
1216 1735 1284 1779 cor·

131 1819 276 1904 poribus?
320 1818 360 1883 In
383 1819 493 1885 iisdem
515 1819 591 1905 ipsis
612 1817 741 1895 scilicet,
764 1818 797 1881 in
821 1818 933 1904 quibus
955 1824 988 1882 et
1011 1816 1125 1882 mortui
1148 1817 1281 1881 fuerant.

133 1923 168 1986 Si
187 1922 271 1988 enim
292 1945 356 1988 non
377 1921 409 1986 in
431 1922 540 1986 iisdem
555 1921 642 2008 ipsis,
665 1919 807 1985 videlicet
828 1942 885 1986 nec
907 1919 1002 1985 iidem
1017 1919 1076 2006 ipsi
1099 1919 1152 2007 qui
1169 1917 1283 1984 mortui

131 2035 221 2093 munt
234 2033 478 2092 reeurrexemnt.
509 2026 591 2091 ⁶Sed
605 2024 689 2090 enim
702 2024 910 2111 apprehendit,
925 2024 981 2102 sit,
995 2024 1146 2089 Doricus
1159 2044 1284 2087 monton
1293 2025 1361 2113 Ἀθη
1369 2032 1389 2062 '-
1398 2019 1429 2066 ⁴¹*

133 2130 256 2206 monui,
276 2138 305 2195 et
324 2128 405 2193 deicit
424 2128 473 2193 ei:
496 2128 636 2205 Jooeoie,
659 2125 716 2192 riti
729 2126 808 2204 dico,
827 2147 936 2212 corpe:
959 2134 987 2190 ot
999 2125 1077 2191 sodet
1090 2134 1236 2204 mortorio,
1256 2133 1284 2190 ot
1295 2120 1346 2206 ,Ψ
1355 2116 1391 2155 '¹²
1401 2113 1431 2160 ¹⁴·

125 2233 264 2318 jossitci
283 2232 377 2296 7θανί
396 2231 592 2310 manducare,
613 2239 641 2295 ot
658 2230 825 2295 deditorum
843 2229 939 2294 morri
952 2251 1027 2295 soor.
1071 2228 1116 2294 Et
1132 2228 1284 2294 Lazarum

133 2337 250 2401 oooooit
264 2358 331 2400 oooe
347 2357 470 2422 mopere,
485 2335 601 2400 diuos:
629 2335 759 2412 Lazaro,
775 2333 966 2418 occisores:
991 2342 1020 2399 et
1034 2332 1138 2411 seivit,
1153 2332 1418 2418 ⁸inquit,10nnu

132 2449 279 2518 mortuos,
302 2439 460 2524 oolbipotos
472 2438 567 2524 podes
585 2446 614 2502 et
634 2458 743 2502 monuo
761 2436 885 2502 irretitis.
929 2435 1003 2502 Hoc
1023 2436 1197 2522 symbolum
1217 2437 1286 2523 ejus
1296 2411 1339 2451 Μ’

133 2541 278 2620 hominis,
305 2541 357 2629 qui
382 2542 520 2628 illigatus
549 2542 650 2606 fuerat
676 2538 709 2604 in
733 2539 877 2625 peccatis.
932 2540 977 2604 Et
1001 2547 1127 2627 propter
1151 2539 1211 2605 hoc
1240 2539 1287 2604 sit

134 2644 304 2709 Dominus:
321 2644 436 2709 Solvite
447 2644 546 2722 illum,
562 2653 590 2709 et
603 2642 765 2708 vermium
779 2641 875 2706 obire.
909 2640 998 2706 Sicut
1011 2641 1106 2728 igitur
1120 2641 1172 2728 qui
1187 2641 1286 2706 curati

134 2754 218 2825 sunt,
244 2747 276 2810 in
301 2746 351 2811 bis
376 2769 445 2834 quae
471 2755 545 2811 ante
570 2767 662 2833 passe
687 2744 811 2809 Iuersnt
839 2745 979 2809 membre
1005 2743 1104 2809 curati
1133 2751 1223 2819 sunt;
1255 2753 1287 2810 et

136 2848 249 2913 mortui
273 2847 306 2912 in
328 2848 439 2914 iisdem
459 2855 659 2913 surrexerunt
682 2847 872 2932 corporibus,
894 2846 1043 2912 membris
1059 2856 1092 2912 et
1109 2847 1289 2933 corporibus

136 2949 272 3035 ipsomm
291 2950 533 3036 percipientibus
548 2950 749 3028 curationem,
764 2956 797 3014 et
811 2970 881 3014 eam
895 2948 991 3013 vitem
1006 2971 1077 3036 quoe
1095 2953 1119 2993 ¹⁰
1125 2950 1290 3017 dabutura

137 3052 284 3132 Domino,
294 3075 348 3139 por
356 3054 538 3141 temporalia
544 3055 762 3140 praesormonte
770 3061 897 3133 aetemu‚
909 3061 942 3118 et
952 3054 1134 3120 ostendente
1143 3056 1291 3142 quonism

137 3153 203 3240 ipse
218 3162 276 3235 est,
293 3156 347 3244 qui
362 3165 394 3222 et
408 3156 598 3222 curationem
617 3155 761 3242 plasmati
776 3177 843 3233 suo,
855 3163 888 3220 et
901 3155 998 3220 vitem
1013 3157 1160 3243 praestur'e
1174 3165 1290 3245 potest,

138 3258 184 3322 uti
209 3261 306 3346 ¹¹ejus
321 3259 360 3324 de
373 3260 597 3326 resurrectione
612 3281 735 3346 quoque
752 3259 897 3324 credetur
917 3281 1032 3325 sermo:
1056 3261 1103 3328 sic
1122 3270 1155 3327 et
1174 3261 1207 3325 in
1229 3262 1291 3328 fine
1302 3280 1312 3320 1
1323 3277 1451 3319 coram

139 3360 173 3424 io
200 3361 364 3426 oooiesima
392 3361 465 3426 tubo
488 3361 643 3427 clamante
666 3361 814 3441 Domino,
839 3361 1040 3428 resurrecturi
1066 3373 1140 3430 sunt
1165 3364 1290 3446 mortui,

139 3527 211 3560 cause
222 3512 255 3560 its
269 3512 438 3561 construction
453 3528 512 3578 moy
522 3513 553 3561 be
564 3512 690 3562 identified
740 3512 802 3574 περί.
836 3511 872 3562 N.
880 3513 910 3562 T.
923 3512 1014 3575 ἦγμαι
1024 3517 1056 3577 τῇ
1069 3517 1143 3576 πύλῃ.

139 3593 199 3641 with
207 3595 249 3642 the
256 3597 306 3641 two
313 3594 445 3658 preceding
453 3611 577 3659 passages,
585 3606 604 3644 1.
614 3610 639 3658 p.
648 3609 687 3660 91,
788 3592 800 3624 ⁴
815 3592 858 3642 cod
864 3593 929 3642 erim
937 3593 966 3642 in
972 3595 1073 3656 Lucere,
1080 3597 1291 3660 preciperemus·

139 3677 189 3725 τοῖς
202 3677 241 3725 tr.
295 3677 432 3738 ἀφθαρσίαν
440 3713 446 3725 .
455 3679 535 3727 ...καὶ
550 3678 620 3738 δόξαν
637 3679 690 3726 oto
739 3675 850 3725 rectionis
863 3676 974 3740 meo,
988 3693 1044 3726 coro
1055 3678 1135 3740 jacuit
1146 3679 1174 3727 in
1187 3679 1291 3740 infimi·

140 3759 190 3805 rtcr
202 3759 355 3819 περιποιήσῃ,
370 3759 420 3806 and
431 3770 461 3807 11.
473 3775 499 3822 p.
515 3772 571 3822 323,
590 3760 626 3820 τῷ
638 3760 690 3819 θνη-
739 3765 793 3808 tote.
821 3759 901 3809 Turn.
915 3759 944 3808 de
954 3759 1007 3809 Iter.
1020 3773 1059 3823 53.
1091 3762 1142 3810 Arc
1155 3762 1229 3811 omits
1239 3763 1289 3827 put

140 3840 175 3898 τῷ
196 3841 241 3898 τὴν
262 3841 395 3888 ἀθανασίαν
416 3842 542 3902 περιποιεῖ,
567 3841 618 3890 ond
635 3842 692 3892 thet
790 3838 1003 3901 “mmaiothu

140 3920 220 3968 which
231 3920 333 3981 follows,
348 3936 371 3984 p.
386 3934 440 3984 357,
457 3922 493 3982 τῷ
509 3923 611 3985 φθαρτῷ
626 3940 691 3985 περι·
790 3916 870 3967 ¹'I'ho
886 3924 937 3967 two
958 3920 1070 3968 mirocles
1092 3921 1122 3969 of
1139 3923 1233 3988 rsrsing
1249 3923 1293 3974 the

141 4002 340 4062 παιήσααθαατὴν
350 4003 492 4063 ἀφθαρσίαν.
527 4003 579 4051 The
591 4003 690 4054 Curru.
741 3999 850 4048 widow’s
866 4015 911 4048 son
927 3999 978 4049 ond
990 4000 1033 4050 tho
1052 4001 1156 4054 Rsbbi’s
1170 4004 1294 4070 daughter

140 4082 210 4131 reads
221 4083 326 4145 placore,
340 4084 387 4132 but
397 4084 526 4133 otherwise
542 4084 600 4133 isin
611 4100 692 4148 agree
742 4098 783 4130 ore
794 4082 851 4130 here
862 4082 1051 4145 omnlgunstod.

141 4169 217 4212 ment.
247 4164 377 4213 Missum
394 4164 415 4212 is
432 4164 457 4213 in
475 4180 542 4212 orror
558 4166 584 4213 in
604 4165 693 4230 ssying
790 4162 801 4196 ¹
817 4163 883 4223 dors,
897 4163 950 4224 Cle,
960 4163 1049 4226 Voss„
1064 4165 1110 4215 but
1121 4168 1171 4217 AB.
1184 4168 1251 4221 dun.

139 4246 197 4295 thet
208 4247 228 4296 it
236 4247 281 4295 hnc
293 4246 463 4308 incorruptela,
473 4248 552 4296 which
560 4249 591 4296 he
602 4248 692 4312 prints,
791 4242 802 4276 ⁸
819 4244 908 4308 Inquit
918 4253 1032 4308 moue,
1046 4248 1128 4297 notin
1139 4250 1183 4298 tho
1194 4252 1245 4302 AB.

140 4345 168 4377 ss
179 4330 230 4378 also
239 4329 338 4390 plorum
349 4344 429 4380 mum.
460 4329 505 4378 (Iu.
517 4344 567 4379 nro.
791 4326 803 4360 ⁰
819 4326 938 4388 dimittite,
954 4328 998 4376 tho
1010 4330 1158 4380 translation
1172 4349 1200 4382 ss
1211 4334 1293 4385 before

190 4411 198 4443 ¹
215 4411 268 4460 Tho
280 4410 325 4460 Cn.
337 4412 411 4461 omits
422 4411 494 4471 onim,
510 4411 560 4460 ond
571 4411 622 4461 As.
634 4425 691 4461 νινε.
741 4409 770 4458 of
779 4411 862 4471 θφιτε.
886 4423 925 4475 99,
938 4426 962 4477 9.

190 4490 202 4522 ¹
217 4493 253 4543 N.
265 4492 295 4541 T.
309 4492 341 4540 sit
351 4494 400 4540 τῶν
410 4493 622 4554 ἀρχισυναγώγων.
791 4491 813 4524 ¹⁰
830 4493 931 4544 Offllt.
943 4495 1031 4545 vitiose
1042 4496 1149 4548 dubim.

192 4573 293 4633 θάνω,
312 4575 379 4635 παρὰ
395 4573 490 4637 having
507 4573 569 4622 boon
585 4572 644 4623 read
666 4590 693 4623 ss
791 4572 813 4606 ¹¹
829 4574 884 4638 oue,
894 4575 983 4639 Voss,
993 4577 1068 4641 Vm,
1082 4580 1128 4630 but
1135 4580 1189 4644 Gn,
1202 4584 1253 4632 AB.
1262 4583 1292 4634 ei.
