3000 4994
426 353 633 408 nannenus
658 353 990 409 ssusncuuurun.
1219 340 1286 411 327

209 531 243 598 3.
295 512 365 585 Oris
399 512 464 613 άρα
496 512 549 586 οὖν
581 513 719 614 ἄμοιρος
742 518 760 597 ἦ
784 512 876 614 σὰρξ
904 517 1055 612 τεχνικῆς
1081 517 1207 615 σοφίας
1232 517 1286 588 καὶ
1329 529 1422 614 Ἥ·

129 620 287 708 δυνάμεως
317 625 414 697 Θεοῦ.
472 627 593 698 ιἈλλ’
616 630 644 698 ei
668 631 687 710 ἦ
712 625 840 711 δύναμις
867 629 978 713 edred,
1009 625 1080 712 ῆτις
1106 630 1180 699 έστι
1206 628 1287 731 ζωῆς
1313 621 1434 709 ‘illsllls

129 737 319 834 asperrimi,
353 740 385 810 έν
403 740 556 832 ἀσθενείᾳ
573 743 772 825 τελειοῦται,
791 741 970 813 τουτέστιν
990 743 1022 812 έν
1049 742 1159 842 σαρκί·
1191 738 1285 813 εἶπά·
1306 714 1450 799 -E-

129 880 243 920 τωσαν
276 854 351 933 η’μῑν
384 855 416 924 οἱ
448 854 609 944 λέγοντες
640 854 685 937 μῆ
715 852 793 924 εἶναι
824 852 970 937 δεκτικὴν
998 854 1059 936 τῆν
1090 851 1198 952 σάρκα
1228 857 1287 938 τῆς

131 960 223 1061 παρὰ
257 966 320 1036 τοῆ
354 965 441 1035 Θεοῦ
479 963 646 1049 δεδομένης
682 963 771 1066 ζωῆς,
806 966 954 1065 πότερον
985 965 1103 1066 ζῶντες
1133 971 1193 1051 νῆν,
1231 968 1285 1038 καὶ

128 1075 330 1170 μετέχοντες
368 1080 426 1159 τῆς
454 1076 534 1178 ζωῆς
562 1078 702 1168 λέγουσι
740 1081 858 1162 ταῦτα,
895 1075 913 1161 ἢ
949 1076 993 1150 τδ
1021 1080 1170 1151 καθόλου
1203 1078 1285 1181 ζωῆς

129 1188 328 1282 μετέχοντες
344 1188 450 1273 μηδὲν,
470 1190 596 1288 νεκροὺς
613 1188 647 1260 δέ
671 1189 786 1267 αὖτοὺς
802 1194 853 1280 τῷ
871 1191 1015 1289 παρόντι
1036 1194 1285 1284 ὁμολογοῦσιν;

131 1299 231 1369 Ἀλλ’
247 1303 275 1371 ei
292 1299 353 1384 μέν
372 1301 435 1372 εἰσὶ
455 1302 569 1401 νεκροὶ,
584 1307 650 1378 πως
669 1303 722 1373 sal
740 1306 914 1387 κινοῦνται,
927 1304 981 1375 καὶ
999 1305 1150 1395 λέγουσι,
1165 1305 1220 1375 καὶ
1238 1303 1284 1377 τά

130 1410 236 1483 λοιπὰ
257 1416 418 1498 ποιοῦσιν,
437 1414 523 1513 ἅπερ
550 1415 623 1509 οὐχὶ
644 1419 767 1514 νεκρῶν,
790 1414 883 1487 α’λλᾶ
902 1414 1032 1517 ζώντων
1049 1418 1156 1515 έργα;
1182 1416 1231 1487 Εἰ
1251 1415 1286 1487 δέ

132 1522 212 1625 ζῶσι
239 1528 299 1609 νῦν,
327 1527 380 1596 καὶ
404 1528 486 1599 ὅλον
510 1532 606 1611 σῶμα
629 1528 735 1600 αὐτῶν
754 1529 889 1624 μετέχει
914 1531 973 1611 τῆς
1000 1527 1088 1630 ζωῆς,
1112 1534 1180 1605 πῶς
1202 1537 1286 1601 τολ-

129 1642 214 1719 μῶσι
244 1638 357 1730 λέγειν
381 1642 425 1723 μῆ
452 1639 530 1711 εἶναι
559 1642 620 1724 τῆν
646 1637 754 1738 σάρκα
782 1638 929 1722 δεκτικήν
957 1672 996 1712 τε
1022 1643 1075 1712 καὶ
1103 1645 1285 1738 μετοχικῆν

129 1753 188 1831 τῆς
213 1747 302 1850 ζωῆς,
325 1753 572 1844 ὁμολογοῦντες
596 1753 683 1848 ἔχειν
708 1750 790 1853 ζωῆν
817 1754 850 1823 έν
875 1756 923 1843 τῷ
949 1753 1114 1851 παρόντι;
1138 1753 1284 1837 Ὅμοιον

130 1863 208 1938 εἴτις
229 1864 405 1954 σπογγέαν
427 1862 546 1940 ὕδατος
569 1869 680 1962 πλήρη
703 1870 841 1962 κρατῶν,
860 1862 879 1946 ἢ
901 1862 1064 1950 λαμπάδα
1085 1866 1223 1965 ’φωτὸς
1240 1867 1285 1950 μῆ

130 1972 286 2045 δύνασθαι
304 1977 396 2067 λέγει
415 1978 568 2073 μετέχειν
581 1983 645 2048 τοῦ
656 1974 775 2053 ὕδατος
793 1977 848 2047 ieri
863 1985 921 2061 τῆς
935 1979 1116 2070 σπογγέας,
1130 1977 1211 2063 μηδέ
1226 1980 1286 2062 τῆν

129 2085 292 2170 λαμπάδα
310 2096 371 2160 τοῦ
389 2090 500 2187 πυρός.
544 2089 617 2161 Τὸν
637 2086 886 2189 αὐτὸντρόπον
906 2090 959 2161 καὶ
980 2091 1072 2163 οὗτοι
1094 2090 1149 2193 ζῆν
1167 2093 1287 2184 λέγον·

129 2231 183 2276 τες
202 2200 255 2270 καὶ
273 2198 462 2303 βαστάζειν
479 2200 561 2303 ζωὴν
586 2203 618 2272 έν
643 2212 714 2279 τοῖς
736 2201 829 2279 idiote
845 2204 990 2287 μέλεσιν,
1015 2205 1132 2276 ἔπειτα
1158 2206 1286 2282 iau-reis·

129 2312 375 2399 ε’ναντιοάμενοι,
392 2312 438 2385 τὰ
457 2314 542 2399 μέλη
562 2316 667 2386 αὐτῶν
681 2310 867 2387 ε’πιδεκτικά
887 2317 932 2400 μῆ
952 2317 1092 2409 λέγουσι
1114 2319 1174 2399 τῆς
1194 2315 1284 2418 ζωῆς.

194 2519 225 2583 3.
264 2517 337 2582 Non
351 2517 447 2605 igitur
461 2540 568 2584 exsors
583 2526 632 2583 est
646 2540 718 2584 caro
732 2518 893 2604 sapientiae
908 2528 940 2584 et
955 2518 1077 2584 virtutis
1091 2517 1162 2585 Dei.
1200 2517 1285 2583 Nam

128 2619 227 2685 virtus
241 2622 309 2708 ejus
324 2643 394 2708 quae
409 2621 503 2686 vitam
521 2629 660 2707 praestat,
682 2620 714 2684 in
734 2620 914 2686 infirmitate
932 2622 1099 2708 perficitur,
1120 2621 1152 2685 id
1173 2628 1232 2698 est,
1251 2621 1284 2686 in

129 2743 229 2788 carne.
269 2723 386 2788 Dicant
401 2733 507 2788 autem
522 2724 623 2802 nobis,
639 2724 692 2811 qui
707 2722 816 2788 dicunt
831 2746 893 2788 non
908 2745 977 2788 esse
992 2745 1138 2808 capacem
1157 2745 1283 2788 carnem

128 2824 209 2890 illius
223 2825 294 2891 vitm
310 2848 380 2910 quae
395 2828 520 2891 datura
535 2827 615 2904 Deo,
631 2836 736 2891 utrum
751 2827 888 2892 viventes
906 2849 999 2904 nunc,
1015 2834 1047 2892 et
1062 2826 1284 2913 participantes

128 2929 222 2993 vitam
238 2930 344 2995 dicant
364 2931 451 3005 haec3
476 2951 517 2994 an
532 2930 565 2993 in
579 2938 681 2994 totum
695 2931 768 2995 vitae
784 2931 907 3017 quidem
928 2931 1078 2996 habentes
1100 2930 1187 3010 nihil,
1203 2953 1284 2997 mor·

127 3039 199 3096 tuos
219 3040 324 3096 autem
343 3033 526 3119 semetipsos
546 3033 741 3118 inpraesenti
763 3034 1010 3098 confitebuntur?
1047 3032 1138 3098 Etsi
1159 3034 1285 3118 quidem

127 3136 251 3212 mortui,
284 3136 438 3219 quomodo
466 3144 500 3200 et
522 3146 685 3201 moventur
708 3145 741 3201 et
767 3136 934 3221 loquuntur
953 3144 985 3201 et
1010 3137 1128 3222 reliqua
1155 3137 1282 3213 faciunt,

128 3259 196 3321 quse
217 3258 279 3301 non
302 3245 493 3302 mortuomm
513 3238 570 3302 sed
588 3237 727 3302 vivomm
746 3246 819 3301 sunt
838 3240 953 3323 operat
996 3238 1030 3302 Si
1052 3248 1158 3303 autem
1177 3239 1284 3304 vivunt

128 3361 220 3418 nunc,
242 3347 398 3405 ettotam
421 3340 542 3404 illorum
565 3362 678 3426 corpus
697 3340 862 3426 participat
882 3340 964 3418 vitae,
989 3341 1144 3427 quomodo
1167 3342 1284 3407 audent

127 3441 228 3506 dicere
244 3463 305 3506 non
320 3464 388 3506 esse
403 3464 527 3507 carnem
544 3441 803 3527 participatricem
818 3443 900 3521 vitae,
917 3443 1101 3509 confitentes
1121 3445 1234 3508 habere
1249 3466 1284 3509 se

127 3545 223 3608 vitam
246 3545 466 3632 inpraesenti?
502 3545 610 3610 Simile
632 3554 682 3610 est
701 3547 960 3631 quemadmodum
982 3548 1007 3611 si
1032 3547 1101 3632 quis
1120 3548 1284 3633 spongiam

127 3667 216 3732 aquae
248 3647 371 3732 plenam
397 3656 517 3725 teneus,
548 3648 596 3712 vel
621 3648 754 3713 faculam
777 3649 868 3735 ignis,
895 3670 957 3714 non
983 3671 1073 3733 posse
1098 3649 1283 3734 participare

127 3772 216 3836 aquae
240 3751 323 3816 dicat
346 3752 518 3838 spongiam,
540 3773 639 3838 neque
662 3752 796 3816 faculam
818 3752 893 3839 igni.
931 3753 1053 3817 Eodem
1079 3752 1223 3815 modoet
1248 3751 1282 3815 hi

126 3853 226 3917 vivere
246 3875 281 3918 se
301 3853 449 3931 dicentes,
471 3863 504 3918 et
523 3863 646 3940 portare
660 3854 755 3918 vitam
774 3855 923 3932 dicentes,
944 3863 976 3919 et
996 3854 1029 3916 in
1050 3853 1115 3916 suis
1135 3852 1282 3918 membris

126 3956 328 4032 exsultantes,
349 3964 459 4040 postes
479 3955 679 4042 sibimetipsis
703 3956 849 4021 contrarii
872 3957 1069 4034 exsistentes,
1089 3956 1198 4021 dicunt
1217 3978 1281 4022 non

126 4083 194 4127 esse
208 4063 348 4127 membra
367 4060 504 4146 ipsorum
521 4062 746 4147 ²percapabilia
760 4062 843 4126 vitae.
887 4061 921 4125 Si
941 4069 1046 4125 autem
1061 4061 1129 4126 haec
1144 4082 1214 4147 quae
1232 4071 1281 4127 est

126 4231 253 4280 thass.
265 4232 308 4281 the
319 4232 512 4296 representative
524 4232 552 4280 ol
561 4234 645 4282 δασέα.
778 4233 895 4282 ¹Ilither
920 4233 945 4282 ei
966 4233 1012 4282 hu
1030 4234 1093 4282 been
1111 4233 1161 4282 lost
1187 4238 1215 4282 te
1237 4235 1280 4284 the

175 4310 186 4342 ⁸
202 4314 253 4360 As.
266 4313 295 4360 in
306 4312 500 4362 invisceratam
510 4312 572 4362 alia.
729 4316 814 4375 Latin,
834 4314 884 4363 and
900 4321 979 4364 αιιίενο
995 4314 1102 4363 inserted
1118 4315 1144 4362 in
1161 4315 1203 4363 the
1219 4320 1280 4365 next

175 4392 186 4424 ⁹
204 4392 249 4441 Cu.
262 4394 337 4441 omits
348 4393 397 4443 sed.
729 4401 851 4456 sentence,
869 4413 898 4445 or
913 4397 929 4455 ἦ
945 4396 995 4458 γὰρ
1011 4396 1056 4444 has
1070 4396 1170 4445 bseorm
1188 4397 1244 4445 ἀλλ’
1260 4399 1282 4445 el

176 4472 197 4505 ¹⁰
214 4475 408 4536 Gasapieutin.
420 4509 440 4524 ..
451 4474 555 4534 .Dcum,
566 4473 676 4534 buton,
728 4474 755 4522 in
767 4474 809 4523 the
821 4475 910 4534 Greek,
925 4490 952 4523 as
964 4475 1059 4523 Gutus
1071 4474 1115 4522 has
1126 4475 1267 4538 suggested.

128 4553 287 4615 Vsr.,Voas.
300 4555 426 4614 asabove,
439 4555 678 4617 ιομίιιιιίκῑ....1>ιιι’.
778 4553 863 4618 ¹Cn.,
876 4555 958 4607 Voss.
984 4554 1182 4619 participabilis,
1194 4556 1246 4605 Aa.
