3000 4994
385 354 474 408 ruse
501 354 727 409 sscnuucns
753 354 965 409 occsurum.
1184 340 1250 407 203

96 516 277 595 operantem
291 512 436 576 ostendat
450 533 519 577 esse
537 511 651 590 Deum,
666 533 737 576 eum
752 510 806 599 qui
819 511 972 576 absconsa
986 510 1175 589 manifestat,
1194 513 1250 577 sed
1287 529 1389 614 crepy.

96 632 160 676 uon
181 615 272 677 ¹eum
287 612 340 700 qui
361 613 476 678 malurn
494 623 647 700 operetur,
668 635 740 679 cum
763 613 890 679 minime
909 615 1081 700 quiesceret
1102 613 1189 691 (lain,
1204 614 1251 678 ait
1290 587 1384 707 {3ny-

96 712 136 790 ei,
160 714 218 778 Ad
238 725 265 779 ta
287 717 437 781 moesia
463 715 536 800 ejus,
555 725 584 781 at
606 726 640 780 tu
658 715 861 781 dominaberis
883 718 956 802 ejus.
1000 716 1105 781 Pilato
1127 738 1250 804 quoque
1274 712 1401 800 22⁸ng

96 817 238 883 similiter
248 819 384 885 dicebat:
402 818 666 885 Nullamlabares
672 829 850 906 potestatem
863 820 899 885 io
909 843 965 899 ma,
975 821 1038 885 uehi
1052 822 1180 885 ²datam
1194 819 1250 885 tibi

1263 873 1350 912 Genlv.
1372 900 1378 911 .

86 922 201 1006 foueat
214 922 356 1009 decerpam·
373 923 564 988 concedente
576 923 646 988 Deo
660 945 783 1009 semper
797 928 809 964 ²
810 926 942 1011 justum,
955 933 990 990 ut
1004 925 1055 990 hic
1070 925 1195 1011 quidem
1209 945 1249 989 ex
1262 919 1362 959 Μ*
1372 920 1403 959 ¹¹·

95 1022 146 1089 his
167 1046 235 1111 quae
257 1047 368 1110 passus
387 1033 485 1091 estet
505 1025 662 1104 sustinuit,
683 1028 831 1113 probatus
853 1027 1032 1113 recipiatur;
1051 1029 1123 1115 ³qui
1143 1036 1250 1093 autem

96 1127 285 1214 malignatus
298 1137 347 1193 est
361 1151 401 1194 ex
416 1128 466 1194 his
480 1151 550 1215 quae
565 1129 631 1216 ogit
643 1129 838 1217 adjudicatus
852 1129 1033 1216 expellatur.
1071 1130 1173 1218 Igitur
1187 1151 1250 1194 uon

97 1228 248 1294 sacrificia
262 1230 459 1295 sanctificant
473 1230 645 1306 hominem;
666 1231 826 1296 nonenim
841 1231 960 1318 indiget
976 1233 1127 1297 sacrificio
1143 1232 1246 1297 Deus:

97 1331 152 1396 sed
171 1332 361 1398 conscientia
379 1334 447 1420 ejus
465 1332 518 1420 qui
538 1332 627 1398 offert
646 1334 820 1399 sanctificat
840 1334 1035 1413 sacrificium,
1055 1356 1133 1421 pura
1152 1335 1249 1398 exsis-

97 1441 176 1510 tens,
193 1443 225 1498 et
238 1443 365 1519 praestat
379 1445 541 1521 acceptare
557 1435 661 1501 Deum
676 1436 763 1523 quasi
779 1437 819 1501 ab
830 1436 942 1502 amico.
978 1436 1128 1501 Peccator
1138 1447 1248 1514 auton,
1264 1449 1406 1490 worm

97 1535 206 1622 inquit,
223 1538 278 1622 qui
291 1539 400 1602 occidit
413 1539 490 1602 mili
504 1539 644 1616 uitulum,
660 1540 749 1625 quasi
763 1539 881 1604 addat
895 1561 1008 1604 cacam

162 1643 194 1705 3.
241 1640 392 1721 Quoniam
424 1641 519 1728 igitur
548 1664 620 1706 curn
646 1641 844 1728 simplicitate
869 1640 1010 1707 Ecclesia
1039 1643 1138 1721 offert,
1163 1644 1249 1729 juste

96 1764 209 1808 munus
222 1742 289 1828 ejus
300 1766 410 1829 purum
425 1744 610 1809 sacrificium
625 1745 706 1830 apud
722 1743 827 1808 Deum
841 1744 1023 1830 deputatum
1038 1752 1097 1809 est.
1134 1744 1249 1826 Quem-

97 1846 264 1910 admodum
276 1855 308 1911 et
324 1846 442 1910 Paulus
463 1846 715 1932 Philippensibus
735 1847 798 1912 ait:
822 1846 965 1933 Raptatus
981 1862 1047 1910 suoi
1062 1849 1191 1934 acceptis
1210 1847 1249 1911 ab
1262 1862 1353 1902 Pht-tv·
1363 1863 1393 1902 ¹&

51 1967 83 2005 ω.
97 1948 319 2034 Epaphrodito,
341 1972 410 2035 quae
432 1972 452 2013 a
472 1948 554 2013 uobis
575 1950 667 2014 missa
688 1959 769 2029 suut,
791 1950 910 2015 odorem
930 1951 1101 2025 suscitatis,
1123 1951 1250 2016 lectio-m

95 2052 316 2138 acceptabilem,
331 2053 502 2139 placentem
521 2054 595 2117 Deo.
642 2053 775 2139 Oportet
792 2053 876 2119 enirn
895 2075 953 2119 uos
969 2053 1158 2119 oblationem
1181 2055 1251 2121 Deo

95 2155 207 2234 lacere,
223 2164 255 2222 et
269 2157 301 2220 iu
316 2157 459 2222 omnibus
473 2164 581 2243 gratos
595 2155 724 2220 inveniri
740 2157 918 2222 fabricatori
934 2157 1013 2236 Deo,
1029 2158 1081 2221 ⁴iu
1095 2160 1250 2223 sententia

96 2281 173 2345 pura
197 2268 230 2324 et
252 2260 313 2324 lide
336 2260 403 2325 sine
425 2260 589 2346 hypocrisi,
613 2260 644 2323 in
664 2283 719 2346 spe
740 2261 839 2338 firma,
864 2261 896 2324 iu
922 2261 1087 2326 dilectione
1108 2262 1248 2339 ferventi,

96 2362 248 2446 primitias
261 2369 386 2427 ⁵earum
401 2385 470 2450 quae
485 2372 559 2427 sunt
573 2364 651 2450 ejus,
667 2371 877 2429 creaturarum
890 2364 1063 2429 offerentes.
1108 2364 1153 2429 Et
1168 2363 1249 2429 hanc

95 2463 283 2530 oblationem
312 2465 454 2530 Ecclesia
483 2464 549 2530 sola
577 2487 687 2551 puram
715 2466 805 2529 offert
830 2465 1006 2530 fabricatori
1036 2465 1186 2530 ⁶offerens
1219 2466 1248 2531 oi

97 2588 168 2632 cum
183 2569 353 2655 gratiarum
370 2569 492 2633 actione
507 2591 546 2633 ex
562 2577 703 2633 creatura
716 2569 794 2653 ejus.
838 2566 862 2630 J
864 2569 945 2633 udaei
960 2576 1065 2633 autem
1085 2568 1168 2652 ⁷jam
1185 2590 1249 2632 non

96 2671 241 2735 offerunt:
275 2693 387 2735 manus
412 2671 495 2736 enim
522 2692 629 2735 eorum
655 2668 805 2757 sanguine
833 2668 933 2755 plenae
956 2676 1044 2735 sunt:
1079 2670 1248 2733 nonenim
1263 2692 1377 2732 auiis

96 2783 277 2860 receperunt
293 2775 444 2854 Verbum,
466 2797 522 2860 per
545 2775 643 2862 ⁸quod
664 2774 790 2840 offertur
813 2774 894 2840 Deo.
936 2774 998 2839 Sed
1018 2795 1118 2858 neque
1141 2795 1249 2839 omnes

145 2936 155 2968 ¹
166 2939 402 2998 manumittas
411 2938 464 2998 On,
474 2938 555 2986 Voss.
564 2954 591 2986 as
600 2953 648 2986 nan
698 2939 826 2998 mandam,
843 2954 921 3001 ayopa
937 2944 1082 2998 coronatam,
1095 2953 1149 2987 eam
1157 2952 1249 3000 pompa

96 3016 246 3076 tulissem,
261 3018 352 3077 Genu,
367 3017 454 3066 Mune.
468 3030 498 3066 11.
701 3034 800 3082 marum
810 3019 924 3068 omarum
935 3018 998 3068 inter
1008 3018 1249 3081 psolnwrotymoos

145 3095 157 3128 ¹
173 3099 216 3147 Cn.
230 3099 438 3160 dota...jortum,
452 3099 589 3148 addixeras.
704 3100 820 3150 deducere
832 3100 867 3148 ad
882 3100 931 3149 Dei
947 3101 1024 3149 altare
1038 3100 1153 3161 debemus
1166 3101 1249 3150 munia

145 3177 305 3241 ³quioniam
315 3179 645 3241 mulipnauaouotexoxo-
698 3177 1058 3240 nobisaDeoimpatratur-am.
1087 3178 1118 3226 de
1130 3178 1172 3227 Or.
1187 3179 1226 3228 28.

97 3261 199 3320 ποιήσας
211 3263 237 3309 ἐκ
248 3263 296 3309 τῶν
307 3263 483 3323 πεπραγμένων
499 3262 648 3323 κατακριθεὶς
747 3257 866 3308 ‘aarum
889 3259 941 3307 Art.
954 3275 1042 3308 mum.

97 3342 277 3403 ἀποβάλλῃ-ται.
747 3338 941 3401 ⁶offerens...et
957 3349 1069 3388 creatura
1087 3338 1144 3401 ejus.
1177 3357 1249 3401 πρασ-

148 3422 228 3472 ‘Huc
235 3423 389 3485 pertinctilla
397 3421 496 3471 diaconi
504 3420 646 3470 anuoblati·
699 3421 806 3482 φέρουσα
828 3420 857 3483 (ἡ
877 3419 1012 3480 Ἐκκλησία
1033 3422 1076 3484 sc.)
1099 3423 1165 3481 αὐτῷ
1187 3423 1250 3480 μετὰ

97 3512 192 3552 mat
204 3504 391 3552 communionem
395 3502 556 3565 proclamatio
563 3502 589 3552 0.
597 3504 645 3564 Ap.
699 3503 851 3564 εὐχαριστίας
869 3504 949 3563 ἐκτῆς
967 3505 1065 3552 κτίσεως
1085 3505 1163 3551 αὑτοῦ.
1183 3503 1249 3551 Lan·

96 3597 127 3634 11.
135 3584 175 3644 61,
190 3597 249 3635 vm.
262 3600 272 3633 ι
277 3601 299 3645 5.
320 3585 387 3644 Bor,
399 3585 455 3647 Oyr.
465 3584 510 3632 Hi.
519 3590 540 3631 et
548 3583 649 3646 Chrys:
699 3599 779 3647 guege
788 3584 878 3647 wholly
887 3584 1050 3632 inconsistent
1057 3585 1117 3632 with
1125 3585 1168 3632 the
1176 3585 1248 3632 sacri·

96 3666 139 3716 Ns
149 3669 205 3730 quis
216 3667 335 3716 infidelis:
354 3667 395 3715 Ne
406 3667 462 3730 quis
473 3667 499 3714 iu
511 3666 647 3730 hypocrisi:
698 3665 744 3714 fios
759 3667 788 3714 of
796 3667 839 3715 the
854 3681 925 3726 murs,
938 3666 984 3715 but
1000 3665 1090 3728 wholly
1102 3665 1250 3727 descriptiva

96 3747 138 3796 Ne
145 3749 201 3811 quis
212 3749 296 3797 dolose
305 3755 334 3797 ut
342 3750 360 3798 J
362 3749 437 3797 udus:
450 3748 491 3796 Ne
499 3749 554 3811 quis
562 3753 648 3796 contra
699 3747 727 3795 of
734 3748 777 3796 the
786 3748 911 3811 primitive
918 3747 1046 3809 προσφορά
1053 3746 1082 3793 oi
1087 3746 1130 3793 the
1138 3744 1249 3792 material

95 3830 218 3894 aliquem:
232 3831 324 3879 Nullus
332 3830 542 3879 catechumenus:
555 3828 648 3877 Nullus
698 3829 816 3877 elementa
828 3828 856 3876 of
864 3827 938 3876 tneo
949 3827 999 3876 end
1010 3826 1078 3874 uina.

95 3912 240 3961 haereticus:
272 3912 365 3961 Sancta
387 3912 488 3960 sanctis.
525 3910 646 3958 Frusun.
752 3907 763 3940 ⁷
773 3911 835 3971 jam,
850 3910 910 3968 Art,
921 3914 966 3957 not
977 3906 1091 3956 foundin
1105 3904 1159 3965 Gn,
1167 3905 1247 3954 Voss.

95 3993 291 4041 heronimus
304 3994 423 4043 beautiful
435 3994 530 4056 picture
545 4008 603 4056 may
618 3993 648 4040 be
748 3993 827 4042 ⁸Tna
841 3989 955 4038 material
968 3988 1087 4036 elemento
1101 4002 1142 4034 are
1159 3985 1250 4035 offered

95 4074 236 4138 compared.
270 4075 418 4122 Nossemus
432 4073 482 4122 oar-i
500 4073 645 4132 adoratam
699 4076 770 4125 when
781 4070 909 4122 sanctificd
920 4070 954 4133 by
962 4069 1005 4117 the
1013 4067 1091 4116 Word
1100 4068 1128 4116 oi
1136 4067 1192 4117 God
1200 4068 1250 4117 and

94 4163 116 4203 at
143 4155 193 4203 veri
214 4156 352 4215 soradotar,
377 4154 420 4217 qai
438 4153 534 4215 Spiritu
555 4160 650 4202 montes
699 4158 732 4221 by
743 4169 845 4220 prayer3
863 4152 971 4199 itisnot
981 4149 1041 4207 said,
1056 4149 1112 4197 that
1122 4148 1166 4197 the
1176 4149 1250 4200 blood

95 4237 194 4299 Spiritu
208 4237 374 4299 sacrificamus
388 4236 519 4286 oratioaem
536 4235 585 4283 Dei
591 4251 648 4298 pro·
699 4238 728 4286 of
751 4235 794 4284 the
820 4235 965 4281 atouement
986 4230 1006 4278 is
1029 4228 1120 4278 offered
1147 4230 1181 4294 by
1207 4231 1250 4280 ths

91 4321 178 4383 priam
193 4327 212 4367 α
229 4319 403 4382 acceptabilem,
422 4333 495 4381 qaam
511 4316 599 4365 scilicet
614 4332 650 4365 re·
700 4317 798 4367 Church
813 4312 922 4376 through
935 4312 978 4360 the
989 4309 1080 4371 Word;
1096 4326 1157 4359 even
1173 4311 1195 4360 if
1204 4328 1251 4375 par

95 4402 202 4468 quiricii,
221 4416 294 4462 quam
310 4400 357 4448 sibi
370 4398 499 4462 prospexit.
528 4397 604 4445 Hanc
620 4397 650 4444 da
699 4392 1247 4454 wsmaneelleuuinthecu.,vsu.,voss.,

95 4491 142 4531 toto
156 4483 226 4532 eorda
243 4483 358 4542 deuotam,
368 4481 419 4542 fida
430 4488 535 4543 postam,
553 4481 649 4529 aedae
699 4479 760 4528 such
776 4494 792 4525 a
802 4491 872 4524 sense
889 4473 961 4523 could
978 4480 1024 4522 not
1036 4474 1067 4523 be
1080 4490 1169 4539 wmng
1186 4475 1249 4524 from

95 4573 216 4625 curuum,
236 4565 373 4612 innocentia
396 4563 520 4625 intaprom,
544 4561 649 4610 aarum
700 4561 742 4610 the
752 4573 863 4624 passage.
