3000 4994
234 313 299 378 150
516 328 658 382 cmuuu
684 329 731 381 ur
756 329 885 382 nunna
911 330 1124 383 renuamus

75 546 81 559 .
94 497 148 584 up
157 499 197 584 pv.
233 478 390 566 diligentes
403 501 541 557 munero,
556 489 699 545 scotoma
713 479 947 557 retributionem,
953 480 1089 566 pupillis
1100 483 1348 567 icmjiidiocutes,
1361 492 1389 548 et

81 575 208 678 affl-p
225 584 382 669 judiciam
391 583 557 649 uiduarum
568 585 825 650 meodeudeutes.
860 585 905 649 Et
917 585 1096 651 Hieremias
1109 597 1214 652 autem
1229 588 1385 652 similiter:

119 686 168 727 Μ
202 667 209 680 ⁰
237 686 298 766 Qui
311 696 464 772 presunt,
489 686 599 773 inquit,
610 686 725 773 populo
743 709 815 764 meo,
837 711 883 752 ine
906 688 1094 754 nesciebant:
1109 691 1177 772 filii
1197 692 1342 755 insensati
1361 700 1388 754 et

69 796 111 836 '‘¹-
121 796 187 835 Μ
234 790 439 875 imprudentes
452 799 531 870 sunt,
542 791 690 877 capientes
702 800 772 855 sciit
790 792 823 854 in
837 791 1067 877 malefaciendo,
1084 792 1152 858 beroe
1167 805 1268 859 autem
1278 797 1389 879 socero

234 916 292 959 nou
307 904 513 982 cognoverant.
599 897 600 901 ’
717 959 719 962 ,

299 1001 329 1063 2.
378 1000 539 1084 Quotquot
565 1004 671 1062 autem
691 996 844 1062 timebant
864 998 978 1077 Deum,
998 1007 1030 1064 et
1052 999 1175 1064 solliciti
1197 1008 1286 1065 erant
1304 1001 1387 1065 circa

233 1099 334 1187 legem
349 1102 426 1186 ejus,
443 1099 502 1185 ipsi
517 1109 757 1165 accucurrerunt
770 1100 905 1179 Christo,
920 1108 953 1166 et
968 1101 1077 1166 salvmi
1097 1109 1170 1167 sunt
1185 1124 1307 1167 omnes:
1325 1104 1385 1181 Ite,

69 1222 187 1264 aneso
232 1203 317 1269 enim
339 1204 440 1290 inquit
454 1202 622 1290 discipulis,
646 1202 692 1267 od
707 1225 773 1268 oues
795 1226 864 1290 quec
878 1205 1045 1289 perierant
1064 1204 1168 1269 doinus
1189 1206 1299 1270 Israel.
1341 1206 1386 1270 Et

235 1305 399 1371 Samaritae
414 1315 531 1385 autem,
547 1304 657 1393 inquit,
677 1328 747 1372 cum
762 1307 928 1372 mansisset
943 1307 1099 1372 Dominus
1114 1307 1197 1394 apud
1213 1330 1267 1373 eos
1281 1308 1384 1387 biduo,

67 1428 117 1517 23¹¹·
127 1427 195 1475 ian,
233 1411 326 1476 multo
337 1411 446 1497 plures
459 1410 655 1475 crediderunt
668 1421 797 1497 proprior
810 1433 955 1475 eoriiioaes
969 1411 1041 1496 ejas,
1059 1421 1086 1476 et
1101 1412 1225 1477 iiialieri
1238 1411 1384 1492 dicebant,

232 1514 309 1578 Jom
323 1536 382 1579 noa
398 1524 528 1601 propter
542 1524 627 1579 taam
647 1514 795 1600 loquetae
814 1513 981 1578 caedicius:
1004 1515 1066 1599 ipsi
1086 1515 1181 1579 ¹oeim
1200 1515 1385 1592 audicimus,

234 1626 263 1682 et
275 1617 383 1681 sobnas
397 1618 539 1703 quomam
552 1617 601 1680 liic
616 1625 657 1680 eet
671 1639 739 1680 cere
754 1614 898 1679 Salvator
917 1616 1035 1681 inu—udi.
1087 1616 1132 1680 Et
1147 1616 1265 1681 Paulus
1279 1626 1385 1681 autem

68 1735 207 1822 ffiuff
233 1720 293 1785 ait:
318 1721 363 1784 Et
383 1722 426 1785 sic
458 1720 551 1784 oiriiois
570 1719 674 1784 Israel
696 1718 877 1785 solsol-itur.
922 1718 985 1783 Sed
1005 1727 1038 1784 et
1060 1719 1160 1807 legem
1179 1721 1385 1807 paedagogum

233 1831 374 1887 nostrum
389 1823 421 1887 in
436 1820 618 1887 ²Christum
633 1821 657 1885 J
659 1844 745 1886 esum
761 1821 852 1888 dixit.
897 1820 969 1887 Non
985 1843 1059 1910 ergo
1072 1823 1263 1909 quorundam
1277 1823 1385 1888 infide-

232 1925 353 1991 litatem
376 1924 438 2013 lcgi
458 1924 654 1990 adscribant:
685 1925 846 1990 nonenim
862 1924 912 1988 lex
929 1925 1114 2010 prohibebat
1132 1947 1186 1990 eos
1206 1926 1330 1991 credere
1352 1926 1384 1989 in

66 2050 212 2092 aemuia
234 2026 351 2092 Filium
359 2028 431 2106 Dei,
440 2028 495 2093 sed
510 2035 542 2092 et
556 2027 789 2105 adhortabatur,
799 2027 915 2105 dicens,
926 2032 1006 2093 ³non
1018 2027 1108 2093 aliter
1117 2027 1227 2093 salvari
1242 2029 1385 2094 homines

232 2133 273 2197 ab
299 2132 428 2217 antiqua
450 2131 603 2218 serpentis
625 2130 728 2219 plaga,
749 2131 809 2196 nisi
832 2131 961 2197 credant
980 2131 1013 2195 in
1035 2154 1116 2210 eum,
1140 2132 1193 2217 qui
1214 2133 1384 2197 secundum

65 2254 115 2342 §gp
122 2253 200 2341 gupa
233 2233 467 2299 similitudinem
485 2233 587 2300 carnis
606 2233 726 2320 peccati
746 2232 779 2297 in
798 2233 883 2322 ligno
903 2235 1043 2322 martyrii
1067 2234 1225 2300 exaltatur
1248 2257 1268 2300 a
1289 2243 1382 2313 terra,

232 2346 265 2405 et
279 2338 398 2405 ‘omnia
412 2337 509 2404 trahit
523 2339 563 2402 ad
577 2361 622 2416 se,
638 2347 671 2404 et
685 2337 820 2403 viviticat
835 2346 984 2403 mortuos.

296 2447 328 2509 3.
373 2442 528 2526 Quoniam
542 2442 749 2530 malignantes
762 2442 888 2507 dicunt:
905 2442 932 2507 si
948 2441 1031 2507 enim
1045 2443 1158 2508 coelum
1172 2445 1305 2510 thronus
1320 2445 1381 2510 Dei
1396 2470 1421 2509 o.
1431 2470 1473 2514 na.

231 2554 291 2625 est,
306 2554 338 2611 et
353 2555 436 2611 terra
449 2546 681 2632 suppedaneum
696 2546 773 2631 ejus,
789 2545 908 2610 dictum
922 2552 971 2610 est
986 2548 1259 2633 autempraeterire
1270 2549 1383 2613 coelum

65 2665 207 2708 riszam
230 2658 263 2716 et
286 2659 411 2730 terram,
440 2650 549 2735 hisque
571 2649 829 2736 praetereuntibus
851 2652 1010 2733 ⁶oportere
1034 2647 1128 2713 etiam
1161 2650 1244 2714 hunc
1269 2650 1382 2729 Deum,

229 2753 282 2839 qui
302 2752 527 2838 supersedeat,
548 2752 725 2838 praeterire;
745 2759 778 2815 et
797 2750 867 2814 ideo
887 2771 950 2813 non
964 2750 1048 2815 hunc
1063 2772 1131 2816 esse
1147 2752 1251 2816 Deum
1267 2753 1319 2839 qui
1341 2753 1383 2818 sit

228 2877 322 2941 super
344 2855 466 2931 omnia3
499 2854 745 2942 primoquidem
772 2853 915 2918 nesciunt
937 2852 1012 2939 quid
1037 2853 1080 2918 sit
1105 2854 1218 2918 coelum
1241 2855 1381 2932 thronus,
1456 2868 1459 2873 '

229 2966 263 3024 et
288 2966 371 3023 terra
396 2958 636 3043 suppedaneum.
689 2956 756 3022 Nec
786 2955 870 3020 enim
895 2955 999 3020 sciunt
1025 2956 1100 3042 quid
1126 2957 1168 3021 sit
1198 2957 1295 3037 Deus,
1326 2959 1382 3022 sed

229 3070 342 3149 putant
356 3059 444 3126 ⁶eum
459 3082 545 3126 more
562 3059 696 3126 hominis
714 3060 831 3139 sedere,
851 3066 884 3124 et
902 3057 1063 3139 contineri,
1084 3081 1147 3125 non
1158 3067 1263 3125 autem
1284 3060 1382 3127 conti-

278 3253 493 3304 ¹Guanainscrts
504 3251 640 3301 mimirum
651 3251 694 3300 tha
700 3251 780 3299 Voss.
827 3251 854 3299 in
870 3249 939 3314 ligno
958 3251 1072 3314 martyrii
1090 3251 1214 3300 exaltatus
1232 3268 1248 3300 a
1265 3257 1338 3311 terra,
1357 3257 1382 3300 et

230 3336 352 3397 umbus
362 3337 383 3384 it
394 3336 415 3384 is
426 3336 477 3385 also
485 3334 563 3383 found
573 3335 599 3382 in
611 3334 654 3382 the
665 3333 780 3383 Canum:
827 3333 912 3381 omnia
928 3333 1006 3381 traxit
1022 3332 1054 3380 ad
1070 3348 1104 3393 se,
1122 3338 1148 3382 et
1163 3333 1301 3383 vivificavit
1316 3350 1380 3382 mor·

231 3422 274 3471 tho
285 3421 329 3469 Gr.
343 3421 370 3470 Τ.
384 3420 434 3468 and
447 3419 503 3484 Syr.
516 3419 621 3468 confirm
632 3418 660 3467 it.
827 3418 892 3463 tuos.
910 3414 1030 3463 Fauian.
1062 3414 1115 3463 Tha
1132 3414 1180 3463 last
1195 3416 1276 3463 words
1289 3423 1309 3464 ct
1322 3415 1381 3464 vici·

278 3501 290 3534 ¹
308 3502 432 3552 Christum
448 3503 469 3551 is
484 3501 570 3566 placed
583 3501 641 3568 first
651 3516 678 3548 us
695 3499 721 3548 iu
738 3499 781 3547 the
822 3493 882 3554 ficut
893 3501 1004 3555 incitam,
1018 3510 1060 3542 ara
1071 3494 1176 3543 omitted
1187 3496 1212 3543 in
1224 3497 1267 3544 the
1279 3495 1378 3543 Cannu.

230 3585 374 3635 Ouunuortn
386 3601 449 3649 copy
460 3601 466 3644 ;
482 3584 591 3649 possibly
604 3583 688 3634 Jeaum
701 3598 751 3630 was
766 3598 782 3630 a
827 3573 886 3623 MS·

229 3667 382 3731 subsequent
392 3665 511 3714 addition.
876 3656 996 3706 ‘Omnia
1008 3658 1086 3707 trahit
1104 3657 1135 3706 ad
1153 3675 1187 3709 se.
1221 3659 1259 3708 Eu
1273 3659 1317 3709 hoo
1332 3660 1381 3709 loco

278 3748 289 3782 ⁸
305 3750 366 3799 Non
393 3749 465 3798 aliter
491 3749 590 3798 salvari,
628 3746 782 3810 Augustinus
828 3737 893 3804 [dp.
907 3737 961 3803 88,]
972 3739 1063 3801 colligo,
1075 3740 1204 3803 hetaeum,
1217 3758 1265 3790 nort
1278 3744 1377 3802 πάντας,

228 3848 274 3896 pro
285 3831 414 3881 ossemioice
421 3831 514 3894 peccati
524 3830 655 3893 eripientis
665 3830 782 3878 adeamus
826 3821 868 3870 ted
879 3822 960 3870 πάντα
970 3821 1058 3885 kaiam.
1074 3824 1190 3887 pascuae
1201 3832 1221 3873 et
1233 3825 1280 3873 alii
1295 3826 1382 3873 Patres

229 3912 362 3963 Judaeum
384 3909 547 3972 Pelopinnum
569 3909 698 3968 masmana,
718 3909 782 3956 inter
827 3919 857 3952 ac
875 3903 972 3953 Codices
985 3905 1056 3954 MSS.
1073 3906 1166 3956 tuterit.
1192 3908 1293 3957 Gnatae.
1328 3910 1381 3958 (tho

228 3992 342 4041 undecim
353 3993 460 4040 Putrem
470 3991 635 4052 omi‘quiorum
645 3989 779 4051 sementina,
829 3985 915 4049 Syriae
934 4002 1013 4034 seems
1030 3992 1057 4034 to
1076 3987 1140 4036 have
1156 3989 1214 4037 read
1231 3991 1318 4049 adura,
1336 3990 1381 4038 but

228 4089 289 4136 quac
306 4071 450 4134 Pelopia-nic
467 4070 573 4134 opponit,
593 4070 666 4132 hujus
683 4070 728 4119 loci
745 4071 782 4118 ita
943 4111 948 4122 ,
1176 4111 1182 4122 ,
1274 4085 1283 4110 .·

228 4154 337 4203 ammisit
353 4154 409 4203 Lib.
425 4167 444 4202 1.
462 4170 516 4217 cap.
534 4167 556 4201 a.
586 4151 696 4201 Irenaeus
714 4152 781 4216 Lug·
827 4109 927 4159 nudem
942 4115 963 4159 lt
978 4127 1006 4159 Μ
1019 4111 1149 4159 themm'
1162 4127 1225 4174 Μ’
1240 4093 1379 4172 ὼ

229 4235 347 4283 dunensis
365 4235 511 4299 Episcopus,
531 4250 582 4282 nou
602 4234 674 4298 longe
691 4250 704 4282 a
720 4239 781 4283 tem·
827 4224 1023 4272 “mmmm“

229 4317 330 4379 poribus
341 4316 520 4378 Apostolorum
530 4316 587 4364 fuit.
616 4315 719 4376 Isteuit,
729 4331 780 4364 non
875 4304 886 4336 ⁶
902 4302 1376 4368 vpmfft,011·‚AB·andVOSS·MSS·

228 4397 301 4445 aliter
317 4396 407 4444 salvari
425 4399 536 4446 homines
558 4398 591 4446 ab
612 4398 716 4462 antiqua
732 4414 781 4447 ser·
828 4385 894 4435 ΕΜ·
908 4388 1065 4437 Wherlhffl
1078 4387 1180 4448 Gssdsslh
1193 4392 1289 4448 ΨΜ·

227 4478 311 4543 pentis
326 4477 407 4541 plaga,
420 4479 468 4526 uisi
485 4479 587 4528 credant
606 4480 632 4528 in
651 4496 716 4541 eum,
736 4480 779 4544 qui
875 4478 963 4529 ⁰cattio.
992 4479 1053 4528 Thia
1065 4479 1132 4529 word
1146 4479 1167 4527 is
1182 4479 1286 4527 omitted
1298 4478 1324 4526 in
1336 4477 1378 4525 the

229 4559 364 4609 secundum
381 4560 567 4609 similitudinem
586 4562 667 4610 carnis
685 4561 779 4625 peccati
827 4561 926 4610 Onnum.
940 4561 997 4611 MS.
