3000 4994
247 325 314 392 264
616 343 751 400 uuuus
776 346 1050 401 ruornuncun

83 508 146 599 ἕξοι
150 511 189 598 qvi
190 512 233 598 qq
245 501 372 581 propter
395 515 465 561 eam
490 516 560 583 quoe
585 504 635 562 est
661 519 736 584 erga
760 496 865 562 Deum
891 499 1088 564 dilectionem
1114 507 1147 565 et
1173 497 1400 565 confessionem

79 604 222 691 ·ffi¹g·
248 596 323 661 Filii
338 599 415 684 ejus,
430 598 497 663 sola
517 598 660 665 Ecclesia
677 623 753 686 pure
770 600 923 677 sustinet3
948 603 1046 687 ¹saepe
1063 601 1225 667 debilitata
1244 610 1277 666 et
1291 603 1400 666 stetim

82 730 223 739 —-
245 722 364 787 sugens
385 704 536 778 membre,
561 711 593 767 et
612 703 734 790 integra
752 705 849 779 fiens;
874 706 1150 790 ²quemsdmodum
1170 714 1203 769 et
1221 713 1313 791 typus
1331 707 1400 792 ejus
1412 723 1490 764 omr-

81 820 225 862 Gemm-
246 827 317 888 quse
338 804 397 870 luit
419 805 500 870 illius
531 806 603 885 Lot,
630 808 704 872 selis
727 809 930 894 figmentum:
961 808 1105 873 similiter
1126 816 1162 872 ut
1183 816 1303 873 veteres
1330 829 1399 894 pro-

245 907 350 993 phetae
372 909 562 975 sustinentes
588 910 845 995 persecutionem,
869 911 1129 995 quemadmodum
1154 911 1310 975 Dominus
1333 912 1397 975 eit:

81 1008 209 1050 ¹¹⁸²*st
246 1010 300 1074 uio
314 1012 393 1076 onim
402 1013 554 1097 persecuti
572 1022 642 1076 suot
651 1012 826 1098 prophetas,
846 1015 901 1099 qui
920 1023 991 1077 onte
1011 1036 1061 1077 cos
1073 1015 1230 1097 socruum·
1253 1013 1400 1098 quoniam

82 1124 183 1166 iroth·
192 1126 220 1166 14
244 1134 323 1179 nove
337 1113 472 1198 quidem,
488 1115 543 1179 sed
560 1114 642 1180 idern
658 1115 793 1200 Spiritus
806 1116 1004 1201 requiescens
1024 1137 1118 1200 super
1131 1137 1211 1192 enm,
1227 1117 1267 1179 ab
1281 1115 1332 1179 his
1347 1116 1400 1199 qui

243 1238 307 1281 non
321 1216 473 1303 recipiunt
489 1217 630 1283 Verbum
648 1218 720 1297 Dei,
735 1219 983 1304 persecutionem
1001 1220 1128 1303 petitur.
1163 1219 1254 1300 Quod
1273 1218 1399 1302 quidem

243 1320 404 1406 prophetae
422 1343 494 1386 cum
514 1320 640 1408 reliquis
655 1343 725 1408 quae
743 1321 971 1408 prophetabant
988 1330 1021 1386 et
1040 1322 1100 1387 hoc
1123 1322 1396 1407 prophetaverunt,

243 1422 391 1508 quonism
404 1445 497 1511 super
510 1445 708 1511 quoscunque
722 1425 906 1509 requieverit
922 1425 1057 1510 Spiritus
1072 1425 1143 1502 Dei,
1159 1434 1191 1488 et
1206 1422 1397 1488 obediverint
1410 1440 1439 1481 u.
1448 1442 1492 1488 ns

242 1527 336 1592 verbo
359 1527 474 1606 Patris,
494 1535 527 1592 et
549 1528 719 1593 secundum
738 1528 886 1592 virtutem
906 1527 1068 1593 servierint
1087 1528 1128 1606 ei,
1151 1524 1398 1612 persecutionem

241 1628 409 1713 patientur,
424 1638 457 1693 et
469 1629 696 1714 lapidabuntur,
711 1636 744 1693 et
759 1628 948 1694 occidentur.
986 1628 1025 1692 In
1040 1628 1216 1714 semetipsis
1230 1627 1313 1692 enim
1328 1626 1397 1692 haec

241 1732 347 1796 omnis
366 1734 606 1819 praefigurabant
620 1732 789 1819 prophetes,
809 1741 935 1818 propter
955 1732 1152 1798 dilectionem
1172 1730 1234 1796 Dei
1251 1740 1284 1795 et
1305 1751 1396 1817 prop-

241 1843 291 1900 ter
305 1837 432 1901 verbum
447 1837 525 1923 ejus.

717 2082 819 2150 OAP.
845 2083 919 2149 LV.

241 2250 430 2344 Quomodo
446 2250 634 2350 prophetoe
649 2251 814 2326 membro
833 2249 974 2326 Christi
994 2261 1086 2340 sunt,
1106 2261 1139 2324 et
1161 2247 1395 2348 quomodove

314 2368 406 2444 dum
424 2367 668 2468 unusquisque
685 2394 819 2457 eorum,
841 2366 1042 2442 secuudum
1058 2365 1156 2464 quod
1180 2379 1260 2440 erut
1283 2392 1394 2441 utent-

313 2486 429 2579 brum,
448 2485 646 2560 secuudum
661 2486 727 2559 hoc
744 2496 776 2560 et
782 2482 1035 2584 prophetavit:
1064 2496 1095 2556 ct
1113 2483 1290 2581 quomodo
1301 2510 1393 2583 pro

307 2604 427 2704 phetoe
449 2600 575 2678 munic
595 2601 855 2702 productorum,
882 2626 1100 2700 quaecunque
1126 2599 1292 2676 Christus
1311 2627 1393 2700 ope·

311 2733 416 2796 ratus
438 2732 505 2797 ert.-
532 2732 565 2795 et
587 2719 686 2819 quod
701 2718 749 2795 ob
765 2744 838 2794 οοο
855 2730 888 2794 et
911 2716 1034 2793 codem
1056 2717 1138 2792 Deo
1148 2717 1338 2817 prophetoe
1360 2730 1393 2794 et

315 2836 493 2914 Christus.

237 3023 267 3084 1.
315 3019 394 3085 (lun
428 3019 511 3085 enim
543 3027 576 3085 et
604 3019 664 3107 ipsi
691 3020 848 3085 ⁸membru
879 3025 985 3083 essent
1018 3017 1145 3095 Christi,
1180 3017 1393 3104 unusquisque

235 3144 342 3188 eorum
356 3123 527 3188 secundum
541 3122 623 3210 quod
641 3130 709 3188 erut
722 3122 906 3200 membrum,
922 3120 1093 3186 secundum
1105 3120 1166 3186 hoc
1180 3129 1213 3184 et
1227 3120 1393 3205 prophete-

247 3322 249 3327 ’
284 3320 557 3383 ιΚεφαλοτομοθμενοι
582 3322 639 3384 γὰρ,
660 3320 700 3370 καὶ
716 3337 789 3371 οταυ·
837 3335 895 3369 meu
910 3325 949 3369 est
970 3319 1072 3385 sanguis
1091 3319 1294 3369 Christianorum.
1323 3320 1391 3380 Apo·

234 3405 342 3465 ροθμενοι
359 3405 399 3451 καὶ
414 3404 501 3466 θηρίοις
513 3404 733 3466 παραβαλλόμενα,
748 3403 789 3451 καὶ
838 3403 903 3466 loyes
946 3403 1041 3451 Civitas
1054 3401 1146 3449 christi
1162 3401 1275 3464 quamvis
1289 3400 1391 3448 heberet

235 3487 331 3544 θεσμοῖς
343 3486 383 3534 καὶ
395 3485 459 3546 rvpl,
476 3486 516 3534 xci
532 3486 623 3535 πάσαις
637 3487 689 3534 ταῖς
701 3487 788 3535 ottae
836 3489 890 3534 turn
897 3500 1043 3548 magnorum
1053 3483 1154 3546 agmins
1162 3481 1317 3546 populorum,
1327 3497 1390 3529 nun·

233 3568 356 3631 βασάνοις,
376 3568 644 3628 &corruperamus
665 3568 709 3626 τῆς
735 3567 788 3625 ὁμο·
837 3584 913 3632 quern
935 3567 1053 3616 adversus
1075 3569 1242 3630 persecutores
1265 3579 1323 3611 suos
1345 3580 1390 3627 pro

234 3649 327 3709 λογίας,
353 3648 426 3707 δῆλόν
450 3648 530 3696 ἐστιν·
560 3646 615 3696 ἀλλ’
637 3647 732 3710 ὅσῳπερ
759 3647 787 3694 dv
836 3648 966 3712 temporali
978 3647 1058 3695 solute
1068 3646 1200 3710 pugnavit,
1215 3643 1258 3693 sed
1268 3645 1352 3708 potius
1360 3650 1390 3693 ut

233 3730 335 3778 σοιαῦτθ
358 3746 412 3777 τινα
434 3730 538 3791 γίνηται,
564 3730 672 3790 τοσούτῳ
693 3729 787 3787 μᾶλλον
837 3729 1091 3786 obtinerctaeternsm,
1105 3743 1155 3775 non
1166 3727 1324 3790 repugnavit.
1345 3725 1388 3773 Li-

235 3813 305 3860 ἄλλοι
326 3811 433 3860 πλείονες
453 3811 536 3859 πιστοὶ
554 3811 594 3858 καὶ
612 3811 731 3873 θεοσεβεῖς
747 3811 787 3858 διὰ
835 3810 967 3874 gsbantur,
994 3809 1192 3869 includebantur,
1223 3807 1389 3866 credebantur,

233 3894 277 3942 τοῦ
290 3893 403 3952 ὀνόματος
418 3895 462 3942 τοῦ
474 3892 558 3953 Ἰησοῦ
570 3893 703 3954 γίγνονται,
719 3893 785 3940 ὅσοι·
835 3891 1024 3954 torquebantur,
1048 3890 1192 3949 urebantur,
1220 3889 1389 3949 laniabantur,

233 3992 267 4034 or,
287 3976 329 4023 etv
345 3975 456 4034 ἀμπέλου
472 3991 509 4023 τις
526 3975 619 4035 ἐκτομῇ
641 3975 674 4023 rd
697 3990 785 4034 καρπο·
835 3972 1042 4031 trucidabantur3
1067 3975 1093 4020 et
1114 3970 1391 4034 multiplicabuntur.-

232 4059 374 4120 φορήσαντα
393 4058 461 4119 μέρη,
496 4056 527 4105 εἰς
549 4055 578 4104 τὸ
600 4055 786 4113 ἀναβλαστῆσαι
834 4054 904 4102 Anu.
919 4053 973 4103 θέο.
986 4053 1019 4102 D.
1033 4064 1103 4102 xxn.
1117 4049 1141 4102 6.

232 4140 324 4202 ἑτέρους
341 4139 449 4199 κλάδους,
467 4137 508 4186 καὶ
524 4137 631 4185 εὐθαλεῖς
642 4135 682 4184 καὶ
696 4153 784 4197 rupto·
884 4133 896 4165 ⁹
912 4135 942 4184 ὡς
954 4136 994 4184 καὶ
1003 4133 1324 4193 τθποςτῆςτοῦλὼτ,ἡτοῦ
1333 4133 1390 4182 ἁλὸς

232 4222 318 4283 φόρους
335 4222 469 4269 ἀναδίδωσι.
510 4218 587 4266 Jusr.
611 4216 649 4266 M.
673 4215 745 4266 Dial.
770 4216 784 4273 ὅ
835 4217 937 4275 ποίησις.
957 4217 1077 4280 Compare
1086 4215 1129 4263 the
1140 4215 1258 4278 allegory,
1274 4226 1330 4275 253.
1345 4224 1366 4275 7.

234 4315 288 4352 110.
330 4301 391 4349 Non
413 4300 510 4348 deficiet
532 4299 585 4347 haec
607 4303 682 4357 secte,
708 4314 784 4362 quarn
882 4296 963 4346 lThe
973 4299 1073 4346 ancient
1085 4297 1203 4361 prophete
1216 4296 1346 4354 therefore,
1361 4309 1390 4343 as

230 4385 292 4431 tunc
314 4383 394 4444 nmgis
410 4381 526 4431 redificari
546 4381 617 4441 scias,
642 4396 701 4428 cum
722 4380 783 4428 ooedi
833 4378 1054 4442 belpingtobuild
1065 4394 1100 4441 up
1115 4379 1158 4426 the
1173 4377 1240 4441 body
1251 4377 1280 4425 of
1294 4377 1387 4435 Christ,

231 4463 337 4513 videtur.
362 4463 490 4513 Tunuunn.
508 4463 564 4512 ode.
582 4462 653 4525 Scap.
695 4461 783 4511 Plures
835 4459 910 4524 (Eph.
929 4461 963 4510 iv.
990 4459 1039 4521 rm>
1064 4475 1125 4508 wore
1146 4458 1176 4507 of
1195 4460 1252 4508 that
1273 4458 1388 4523 mysticnl

230 4543 357 4600 efficimur,
372 4543 468 4606 quoties
480 4524 712 4591 metimuisvobis.
740 4541 781 4591 Sc·
834 4542 909 4607 body.
