3000 4994
242 325 307 393 246
653 341 728 395 COR
752 340 984 395 INDURATUR

99 513 157 601 up.
164 514 204 555 iv.
241 493 427 560 occidissent
441 515 506 573 eos,
521 503 554 560 et
570 494 741 582 Apostolos
756 515 878 581 quoque
892 491 1044 558 similiter
1084 489 1171 555 His
1162 488 1258 577 igitur
1269 489 1323 575 qui
1337 490 1395 554 im·

77 561 167 692 flffiis
168 607 227 692 qlv'i
240 604 352 681 putant
367 597 466 675 nobis,
482 605 515 662 et
530 599 654 664 dicunt:
671 598 698 662 si
714 618 777 660 non
792 595 940 683 AEgyptii
956 593 1073 681 plagati
1087 592 1229 668 luissent,
1245 602 1278 658 et
1293 615 1396 678 perse-

102 699 177 738 ¹¹'·¹¹¹
185 701 204 737 ⁸
77 709 371 787 ——quentes
388 699 485 765 lsrael
495 700 654 787 praet'ocati
666 699 845 764 fuissentin
859 698 948 774 mari,
961 719 1024 762 non
1036 704 1159 782 poterat
1175 697 1263 761 Deus
1277 695 1396 760 salvere

240 802 388 887 populum
409 823 511 879 suum,
537 807 695 868 ¹occurret
720 801 809 866 illud:
840 800 900 864 nisi
924 800 1019 886 igitur
1047 799 1071 863 J
1073 799 1153 864 udaei
1183 799 1397 863 interfectores

241 903 368 968 Domini
379 905 453 971 faeti
464 905 605 983 fuissent,
620 905 719 991 (quod
731 902 855 988 quidem
866 903 996 967 abstulit
1007 903 1048 966 ab
1062 902 1108 966 eis
1121 909 1271 966 aeternain
1283 901 1394 985 vitam)

240 1015 273 1071 et
292 1007 463 1093 Apostolos
480 1007 712 1085 interficientes,
727 1016 760 1071 et
779 1015 1001 1092 persequentes
1022 1005 1208 1083 Ecclesiam,
1223 1005 1256 1069 in
1275 1005 1396 1069 iracun-

240 1109 300 1174 diae
315 1109 495 1175 incidissent
510 1110 706 1195 profundum,
727 1131 785 1174 uos
798 1107 910 1174 salvari
930 1130 994 1173 non
1014 1116 1201 1194 poteramus.
1240 1109 1395 1191 Quemad-

240 1209 367 1274 modum
390 1209 487 1275 ²enim
514 1208 557 1273 illi
580 1230 636 1294 per
661 1207 897 1294 AEgyptiorum,
923 1207 969 1272 sic
994 1215 1027 1271 et
1053 1228 1110 1271 nos
1132 1229 1187 1293 per
1210 1206 1234 1270 J
1236 1208 1395 1271 udaeorum

240 1312 415 1378 caecitstem
444 1312 620 1398 accepimus
648 1312 800 1376 salutem:
825 1310 980 1396 siquidem
1009 1310 1107 1375 ''mors
1131 1309 1261 1374 Domini
1287 1332 1395 1375 eorum

241 1414 365 1501 quidem
380 1414 432 1503 qui
445 1415 529 1481 cruci
540 1415 629 1480 ⁴eum
645 1415 791 1492 fixerunt,
800 1422 833 1478 et
845 1435 908 1478 non
923 1411 1119 1477 crediderunt
1132 1412 1201 1497 ejus
1214 1412 1393 1490 adveutum,

240 1519 400 1585 damnatio
418 1527 477 1597 est,
499 1518 630 1584 salvatio
645 1539 716 1582 vero
736 1538 844 1581 eorum
862 1516 915 1601 qui
935 1515 1066 1580 credunt
1086 1514 1120 1578 in
1139 1537 1222 1581 eum.
1258 1515 1341 1578 Nom
1361 1523 1394 1580 et

78 1678 109 1722 ,ᾗ
140 1661 146 1673 ·
211 1663 218 1683 ι
240 1623 415 1707 Apostolus
436 1623 482 1688 ait
495 1622 544 1686 ‘in
560 1623 697 1687 secunda
714 1621 754 1684 nd
770 1620 961 1685 Corinthios:
989 1619 1139 1699 Quoniam
1155 1619 1270 1684 otrim
1290 1620 1394 1684 mmois

240 1725 314 1790 odor
336 1747 439 1790 summ
463 1729 540 1803 Deo,
565 1726 600 1788 in
625 1724 674 1788 tis
695 1725 750 1810 qui
773 1722 869 1787 ‘mlvi
885 1725 979 1805 stum,
1007 1731 1034 1787 et
1054 1724 1089 1786 in
1107 1722 1155 1788 Itis
1173 1725 1227 1808 qm
1243 1732 1392 1809 pereum:

240 1828 416 1915 proheredum
432 1828 554 1916 quidm
572 1828 646 1893 odor
659 1828 765 1892 morto
778 1828 813 1891 in
831 1836 973 1901 mortem
997 1827 1175 1914 quibusdum
1190 1826 1307 1892 'autem
1320 1827 1395 1892 odor

239 1933 312 1996 oitoe
332 1933 367 1996 in
384 1932 490 1997 vitam
526 1930 646 2012 Quibus
666 1951 741 2016 ergo
761 1936 810 1994 est
830 1929 906 1995 odor
925 1931 1035 1995 mortis
1054 1930 1087 1994 in
1106 1938 1250 2009 mortem,
1266 1931 1325 1995 nisi
1344 1931 1394 1996 bis

239 2035 369 2122 quinon
385 2035 523 2111 credunt,
539 2055 640 2119 neque
653 2033 786 2118 subjecti
801 2041 875 2097 sunt
891 2033 999 2099 Verbo
1015 2035 1092 2100 Dei?
1123 2035 1184 2117 Qui
1199 2044 1273 2100 sunt
1287 2045 1393 2102 autem

240 2139 293 2224 qui
313 2147 347 2204 et
363 2147 439 2204 tuno
460 2137 643 2223 semetipsos
671 2136 764 2201 morti
786 2136 997 2202 tradiderunt?
1045 2138 1093 2202 Hi
1115 2138 1233 2204 scilicet
1255 2139 1307 2223 qui
1330 2161 1391 2203 non
1406 2172 1424 2209 ο
1439 2173 1481 2211 ³00,

240 2243 379 2320 credunt,
401 2264 501 2327 neque
525 2240 747 2326 ‘subjiciuntur
773 2241 854 2305 Deo.
908 2240 1045 2306 Rursum
1074 2250 1180 2307 autem
1206 2243 1259 2327 qui
1282 2242 1392 2307 salvati

239 2352 323 2423 sunt,
339 2353 372 2410 et
385 2352 572 2429 acceperunt
586 2342 816 2409 baereditstemt
851 2343 898 2407 Hi
912 2343 1032 2410 scilicet
1049 2344 1102 2430 qui
1116 2345 1246 2410 credunt
1261 2346 1342 2418 Deo,
1360 2353 1393 2410 et

239 2469 311 2513 eom
327 2469 397 2533 quse
417 2457 467 2512 est
481 2469 557 2534 erge
570 2446 657 2511 illum
672 2445 868 2512 dilectionem
883 2446 1111 2522 custodientium
1133 2447 1392 2532 quemadmodum

75 2561 139 2604 nnn
147 2564 225 2604 Μ·
241 2551 358 2618 Obsleb
370 2551 395 2615 J
395 2551 505 2629 ellone,
520 2558 554 2615 et
568 2548 592 2612 J
593 2570 665 2615 esus
680 2549 777 2628 Nave,
790 2557 823 2614 et
837 2549 924 2635 pueri
939 2549 1129 2628 innocentes,
1145 2551 1198 2637 qui
1214 2573 1313 2636 neque
1328 2573 1393 2616 ma·

239 2654 315 2719 litiae
338 2675 464 2719 sensum
489 2653 675 2718 habuerunt.
710 2651 771 2735 Qui
796 2659 871 2717 sunt
891 2661 997 2716 nutem
1019 2652 1072 2737 qui
1093 2652 1144 2717 hic
1170 2652 1337 2731 solvantur,
1360 2662 1393 2718 et

239 2756 396 2842 rccipiunt
416 2755 513 2822 vitum
531 2757 716 2822 ⁹aetemaml
750 2753 862 2819 Nonne
883 2754 916 2818 hi
934 2754 987 2839 qui
1005 2755 1139 2842 diligunt
1154 2756 1269 2831 Deum,
1285 2767 1318 2822 et
1340 2758 1392 2844 qui

76 2874 189 2917 nomm.
198 2877 229 2917 ιι·
241 2858 515 2948 pollicitationibus
528 2861 597 2946 ejus
611 2858 751 2938 eredunt,
767 2865 800 2923 et
814 2857 933 2923 malitis
946 2857 1065 2944 pormli
1079 2859 1181 2925 effecti
1195 2868 1280 2925 sunt.

697 3082 798 3147 OAP.
821 3081 933 3147 XLV.

238 3217 450 3294 Secundum
468 3216 560 3319 quid
576 3217 768 3295 induravit
786 3219 890 3294 Deus
906 3246 970 3294 cor
986 3218 1199 3296 Pharaonis
1216 3234 1249 3296 et
1266 3221 1392 3297 mim's·

691 3352 833 3413 trorum
856 3339 941 3438 epos.

74 3513 140 3555 mon
149 3515 217 3554 usn
306 3487 335 3550 1.
375 3485 444 3550 Snn
458 3484 625 3563 induravit,
638 3486 782 3573 inquiunt
796 3486 849 3564 illi,
864 3485 953 3551 Deus
968 3508 1021 3552 cor
1039 3487 1233 3552 ¹⁰anrnouis
1246 3496 1280 3553 et
1293 3489 1392 3554 farnu-

238 3587 338 3653 lorum
350 3589 428 3674 ejus.
467 3588 528 3671 Qui
543 3610 619 3676 ergo
633 3588 701 3654 baeo
715 3588 881 3673 imputant,
896 3610 958 3653 non
972 3589 1080 3676 legunt
1094 3590 1127 3654 in
1143 3591 1323 3678 Evangelio,
1338 3593 1392 3657 ubi

75 3711 136 3751 ιιιιι
145 3711 189 3751 ιιιι
196 3712 225 3752 ιο.
240 3691 398 3778 discipulis
421 3692 596 3757 dicentibus
622 3692 770 3768 Domino,
796 3692 943 3770 Quare
929 3715 965 3756 m
985 3692 1147 3777 parabolis
1169 3694 1298 3780 loqueris
1328 3697 1391 3760 sic?

75 3815 190 3905 ffl-
239 3795 398 3881 respondit
421 3795 590 3860 Dominus.
621 3796 770 3874 Quoniam
792 3793 873 3859 mdis
898 3804 940 3859 ort
963 3796 1111 3860 mooun
1116 3819 1198 3862 nosse
1219 3801 1392 3882 mysterium

75 3906 125 3947 Lu·
135 3908 176 3947 ιι·
187 3909 216 3955 ¹⁰
209 3899 327 3984 ropni
347 3897 503 3970 ooelonom
525 3898 590 3962 illio
617 3898 775 3962 antemio
791 3896 953 3983 parabolis
977 3897 1091 3983 liquor,
1118 3910 1153 3965 ut
1178 3902 1308 3967 videmos
1332 3924 1392 3967 noo

288 4049 298 4082 ¹
314 4050 368 4111 Cn,
382 4050 458 4110 Vsu„
471 4050 551 4101 Voss.
564 4049 676 4100 ocntm't.
841 4053 863 4100 is
873 4052 1010 4111 sufficient;
1028 4053 1059 4102 ol
1072 4054 1120 4102 end
1131 4055 1160 4103 of
1168 4061 1228 4104 next
1238 4058 1298 4105 secti
1291 4074 1339 4107 1.on

287 4130 299 4163 ¹
315 4132 415 4180 Cornu
428 4132 503 4179 omits
513 4130 586 4191 enim,
599 4147 627 4179 us
637 4131 689 4181 An.
702 4131 748 4180 ult
891 4132 902 4163 ⁸
919 4133 972 4191 Cn,
985 4133 1075 4194 Voss,
1089 4135 1136 4184 but
1147 4137 1198 4186 An.
1211 4138 1346 4186 solvamur.

288 4210 299 4241 ³
315 4226 387 4270 mors,
400 4209 529 4273 csrelessly
540 4209 645 4258 omitted
656 4211 756 4260 Οιιιιιιι.
890 4212 901 4245 ⁷
913 4213 1087 4273 01..,V0.vrro.
1107 4216 1228 4266 Mandu.
1237 4219 1389 4267 hssneitlier.

287 4291 298 4323 ⁴
314 4307 369 4340 mm
379 4291 484 4340 omitted
499 4291 525 4339 in
537 4291 580 4340 the
591 4290 642 4340 Au.
890 4292 901 4325 ⁸
918 4294 1056 4356 Cn.‚V1rr.,
1064 4296 1144 4347 Voss.
1163 4299 1259 4361 subjecti
1268 4301 1388 4360 mm,Au.

287 4373 298 4403 ⁶
314 4373 342 4420 in
357 4374 482 4437 (epistola),
496 4380 542 4423 not
553 4374 631 4422 found
643 4374 668 4421 in
679 4374 722 4422 tho
734 4374 789 4435 On„
889 4373 901 4406 ⁹
917 4381 1031 4424 mennam
1042 4378 1147 4426 omitted
1159 4379 1184 4426 in
1195 4381 1239 4429 the
1250 4381 1301 4429 Au.

237 4454 288 4503 sud
309 4454 353 4503 the
371 4456 523 4518 preposition
541 4456 601 4519 only
619 4456 645 4504 in
667 4456 719 4505 AB.
740 4456 790 4504 und
889 4454 911 4487 ¹⁰
928 4456 1062 4506 80001210.
1076 4458 1196 4509 Pbilocul.
1211 4475 1250 4510 ιι.

239 4536 327 4584 Msnc.
341 4547 380 4595 ιι,
394 4539 419 4584 ἐν
430 4535 463 4597 τῇ
477 4538 575 4598 δευτέρᾳ
587 4538 646 4598 πρὸς
660 4539 714 4587 τοὺς
727 4537 786 4599 Κορ.
889 4536 910 4569 ¹¹
923 4537 977 4599 On,
992 4540 1189 4602 An.,Vm.,Vo.
1202 4543 1234 4592 sl.
1247 4559 1387 4606 emonem.
