3000 4994
258 312 327 377 428
670 324 713 377 ln
739 323 868 378 REGNO
894 323 1002 379 NOVA

121 509 217 597 i‘iinvi
259 519 351 587 τεροι
375 487 526 579 λέγουσι,
552 485 637 558 τότε
663 484 717 555 καὶ
745 487 778 555 οἱ
800 481 860 569 μέν
883 483 1141 580 καταξιωθέντες
1162 494 1221 571 τῆς
1238 487 1272 560 έν
1292 490 1420 591 οδρανῷ

93 603 244 691 ‘fflggftfl
259 598 443 699 διατριβῆς,
460 600 565 670 ε’κεΐσε
579 601 797 697 χωρήσουσιν,
812 601 845 669 αι’
863 595 897 667 δὲ
914 605 972 681 τῆς
991 604 1054 670 τοῦ
1068 598 1275 699 παραδείσου
1288 611 1419 704 τρυφῆς

94 699 219 788 -ω-’ἰζδ
260 713 523 795 ἆπολαύσουσιν,
543 714 576 783 oi
592 708 627 781 δέ
645 710 722 794 ιτὴν
742 711 972 809 λαμπρότητα
991 719 1049 793 τῆς
1066 714 1194 791 πόλεως
1210 714 1418 810 καθέξουσιν·

258 828 437 922 πανταχοῦ
455 822 524 924 γὰρ
549 823 729 921 δ’Σοιτῆρ
749 826 962 923 ὁραθῆσεται,
985 822 1091 901 καθὼς
1110 823 1198 920 ἄξιοι
1224 828 1364 901 ἔσονται
1385 833 1420 901 οἱ

257 940 398 1037 ὁρῶντες
420 938 531 1009 αυτόν.
583 935 683 1007 Εἶναι
702 933 738 1006 δὲ
761 936 821 1019 τὴν
841 935 1026 1019 διαστολνὶν
1043 938 1167 1021 ταύτην
1183 947 1242 1022 τῆς
1260 944 1417 1025 οἷκῆσεως

256 1056 323 1122 τῶν
353 1048 398 1123 τδι
429 1047 548 1122 έκατδν
577 1050 893 1148 καρποφορούντων,
919 1050 972 1120 καὶ
999 1053 1066 1121 τῶν
1091 1048 1136 1123 τδι
1160 1049 1332 1146 ἑξήκοντα,
1360 1055 1414 1126 καὶ

257 1168 322 1236 τῶν
350 1161 395 1235 τὰ
423 1159 617 1262 τριάκοντα·
644 1161 687 1233 ὧν
714 1165 748 1232 oi
774 1158 834 1246 μὲν
858 1164 902 1238 εἰς
926 1161 1004 1239 τοὺς
1036 1163 1188 1262 οδρανοδς
1216 1165 1415 1267 ἆυαληφθῆ-

198 1284 203 1293 ’
258 1308 388 1361 σονται,
410 1278 443 1347 oi
466 1273 501 1345 δὲ
526 1277 559 1344 έν
577 1277 625 1364 τῷ
651 1270 843 1372 παραδείσῳ
865 1271 1102 1373 διατρίψωσιν,
1122 1280 1155 1347 αι’
1172 1276 1207 1346 δὲ
1229 1278 1291 1361 τὴν
1311 1281 1414 1351 πόλιν

257 1394 521 1472 κατοικήσουσιν·
550 1387 603 1457 καὶ
632 1384 684 1456 διὰ
712 1392 816 1458 τοῦτο
842 1387 996 1485 εἰρηκέναι
1023 1386 1085 1459 τδν
1111 1388 1247 1489 Κύριον,
1278 1393 1312 1462 έν
1341 1404 1414 1470 τοῖς

255 1508 318 1575 τοῦ
344 1503 475 1601 πατρός
498 1531 562 1584 μου
586 1496 688 1584 μονὰς
716 1497 794 1569 εἶναι
824 1495 966 1576 πολλάς.
1019 1498 1075 1571 Τὰ
1107 1498 1219 1574 πάντα
1250 1502 1321 1605 γὰρ
1350 1511 1414 1578 τοῦ

256 1615 352 1699 θεοῦ,
373 1615 407 1692 ὃς
423 1624 496 1690 τοῖς
513 1615 597 1683 πᾶσι
617 1612 677 1695 τὴν
697 1609 912 1713 ἁρμόζουσαν
930 1612 1055 1695 οἴκησιν
1073 1615 1225 1714 παρέχει.

255 1839 387 1895 vaurum
407 1840 436 1895 st
451 1851 555 1894 ιιοιοιυι
569 1837 709 1894 vestra-m.
748 1827 792 1894 Et
811 1828 1072 1915 quemadmodum
1092 1830 1271 1920 Presbyteri
1289 1835 1410 1911 dieunt,

252 1941 329 1997 tuno
343 1933 395 2019 qui
411 1931 497 2020 digni
517 1932 633 1998 suerint
653 1931 802 1997 eoelorum
821 1933 1066 2013 conversatione,
1082 1933 1154 2001 illue
1172 1937 1362 2017 transibunt,
1377 1940 1411 2005 id

253 2043 312 2113 est,
337 2035 369 2098 in
393 2033 504 2108 coelom
530 2034 582 2099 alii
606 2039 692 2099 ³tute
716 2033 861 2098 Paradisi
894 2033 1014 2100 deliciis
1047 2044 1191 2112 utentum
1222 2038 1276 2104 alii
1301 2049 1411 2107 autem

252 2137 482 2224 speciositatem
497 2137 633 2202 civitatis
647 2136 864 2224 possidebunt:
889 2137 1005 2225 ubique
1018 2148 1123 2205 autem
1140 2142 1228 2208 Deus
1242 2141 1409 2223 videbitur,

253 2248 286 2306 et
300 2240 561 2328 quemadmodum
576 2241 662 2327 digni
677 2249 767 2305 erunt
783 2239 923 2306 videntes
937 2262 1020 2308 eum.
1056 2242 1137 2309 Esse
1151 2252 1258 2309 autem
1272 2245 1409 2311 ⁴distau·

88 2363 238 2452 ymni&
252 2342 330 2408 tiam
344 2342 425 2409 hane
439 2342 642 2408 habitationis
656 2364 763 2407 eorum
771 2342 824 2430 qui
837 2350 961 2407 centnm
974 2343 1245 2422 fructificaverunt,
1258 2355 1290 2412 et
1299 2368 1410 2412 eorum

252 2468 305 2532 qur
325 2445 499 2534 sexaginta,
514 2453 548 2511 et
566 2467 674 2511 eorum
694 2445 746 2531 qui
765 2445 913 2533 triginta:
942 2469 1074 2534 quorum
1092 2448 1220 2535 qnidam
1240 2449 1273 2513 in
1292 2451 1410 2516 eoelum

251 2562 458 2630 assumentur,
473 2550 526 2616 alii
541 2551 573 2614 in
587 2550 731 2637 paradiso
746 2550 1018 2629 conversabuntur,
1032 2551 1085 2616 alii
1101 2552 1271 2619 incivitate
1286 2553 1410 2619 inhabi-

87 2682 215 2724 ron.1n.n.
251 2656 380 2720 tabunt:
409 2663 443 2721 et
469 2663 596 2743 propter
627 2654 687 2719 boo
724 2652 842 2718 dixisse
875 2652 1057 2732 Dominum,
1081 2655 1196 2721 multae
1221 2678 1291 2722 esse
1323 2658 1410 2744 apud

253 2758 381 2822 Patrem
402 2757 591 2823 mansiones.
628 2755 742 2821 Omnia
765 2754 849 2821 enim
874 2753 934 2819 Dei
957 2763 1041 2834 sunt,
1057 2756 1109 2842 qni
1133 2759 1277 2823 omnibus
1299 2768 1409 2845 aptam

249 2860 475 2927 habitationem
490 2868 629 2948 praestat.
653 2858 921 2942 Quemadmodum
935 2857 1096 2924 ⁶Verbum
1110 2862 1179 2949 ejus
1193 2860 1248 2940 ait,
1261 2863 1409 2928 omuibus

249 2964 382 3029 divisum
406 2984 475 3028 esse
497 2984 517 3027 a
538 2962 636 3027 Patre
660 2962 832 3027 seeundum
853 2960 936 3045 quod
954 2961 1024 3047 quia
1047 2971 1096 3028 est
1118 2963 1243 3051 dignus,
1257 2974 1314 3030 ant
1335 2965 1408 3032 erit.

86 3093 147 3135 ιιιιι
157 3097 230 3138 ιρις
251 3065 297 3132 Et
311 3066 371 3131 hoe
385 3074 435 3130 est
449 3064 629 3142 triclinium,
642 3064 674 3128 in
689 3086 750 3149 qno
765 3066 947 3130 recumbent
959 3064 991 3142 ii,
1004 3065 1056 3151 qui
1072 3067 1238 3151 epulantur
1248 3069 1351 3134 voeati
1365 3071 1408 3135 ad

85 3152 127 3192 ἠ’
249 3168 383 3251 nuptias.
423 3167 517 3232 Hane
539 3189 608 3233 esse
627 3166 896 3232 adordinationem
918 3178 951 3234 et
969 3169 1204 3256 dispositionem
1224 3195 1333 3238 eorum
1353 3175 1408 3261 qui

248 3269 416 3348 salvantur,
431 3268 539 3334 dieunt
559 3269 739 3356 Presbyteri
757 3270 981 3356 Apostolorum
1000 3272 1152 3360 discipuli,
1168 3282 1201 3340 et
1226 3297 1283 3361 per
1296 3275 1409 3361 hujus·

298 3477 359 3526 ιΙιι
381 3476 491 3525 onruibur
514 3476 601 3526 θνααι
618 3475 743 3525 Αυιιιιακίἰ
764 3492 801 3525 es·
900 3477 1039 3541 ⁶Intelllpe
1061 3479 1162 3529 Verbum
1180 3482 1342 3544 ιιιὸιίαιιιίιιὶε,
1359 3485 1409 3535 rite

247 3558 655 3623 ernplaniduaprreeeduntqnotuor
666 3573 740 3607 ιοοιιι
758 3559 803 3617 τὴν
850 3558 934 3609 Jernm
946 3560 1041 3609 Filium
1052 3561 1109 3611 net.
1139 3563 1409 3627 Uttarotocprnn-

249 3646 321 3707 ἁγίαν
332 3646 379 3706 γῆν
390 3645 437 3703 καὶ,
455 3650 476 3692 et
488 3648 618 3705 sequnntur
636 3640 693 3689 atio
711 3641 802 3691 dream:
850 3640 904 3688 liare
915 3641 1016 3703 lrpotur,
1036 3657 1072 3690 me
1082 3643 1169 3692 nescire
1178 3643 1268 3706 sutem,
1286 3661 1315 3694 uc
1329 3648 1409 3709 erupi·

248 3730 292 3778 συν
310 3728 371 3775 πᾶσι
389 3727 437 3775 τοῖς
457 3726 511 3788 repl
529 3726 604 3784 αὐτὴν
622 3724 729 3785 ἀγαθοῖς,
752 3724 801 3771 ἐτι·
850 3723 1280 3782 oor,1renoeumatradin·onemae
1296 3727 1410 3778 laudato·

247 3808 432 3871 χορηγουμένας
443 3806 489 3856 ὑπὸ
500 3807 544 3855 τοῦ
554 3805 623 3855 θεοῦ.
648 3804 751 3853 Gerar.
849 3818 906 3852 rum
933 3802 1135 3867 Pmbytewrnm,
1165 3807 1208 3870 qni
1239 3807 1409 3869 Apostolorum

296 3888 411 3951 ’Κύριος
438 3887 548 3952 possibly
581 3902 632 3935 was
660 3886 758 3934 written
786 3900 803 3932 a
849 3883 962 3946 deripuit
978 3884 1059 3947 suen,
1081 3885 1147 3935 istud
1168 3888 1298 3937 Senatoris
1314 3888 1409 3939 διἐιυυι

242 3971 326 4034 prinae
343 3986 427 4030 mona,
450 3971 497 4018 but
518 3968 632 4034 replaced
652 3967 686 4043 by
704 3969 800 4028 σωτῆρι
850 3966 967 4027 αοιερίιιι.
1010 3966 1078 4025 Quod
1098 3967 1162 4015 enim
1181 3967 1301 4018 Faunae.
1324 3969 1410 4032 sipnot

247 4052 375 4111 Βοιιιίοιιι,
399 4051 558 4100 abbreviated
585 4066 612 4098 aa
641 4050 703 4109 Dae,
733 4049 801 4098 alten
850 4046 926 4095 lorum
947 4047 1035 4096 naun.
1049 4064 1092 4098 xx.
1108 4061 1147 4109 23,
1167 4048 1257 4098 Sedere
1276 4067 1292 4099 a
1311 4051 1408 4102 dextris

248 4133 395 4198 passeeinto
407 4132 480 4192 Dens,
494 4131 558 4180 asin
570 4132 613 4179 the
624 4131 780 4180 translation.
850 4129 911 4177 mels
933 4133 958 4177 et
980 4129 1086 4178 sinistris
1109 4131 1171 4179 meis
1192 4146 1243 4180 non
1266 4136 1304 4180 est
1320 4149 1407 4184 meum

297 4214 372 4264 ⁸tute
394 4215 439 4264 has
461 4229 494 4262 no
520 4213 711 4277 corresponding
732 4213 801 4261 word
849 4211 915 4272 dare,
936 4213 979 4261 sed
999 4214 1088 4276 quibua
1105 4220 1222 4278 paratura
1240 4222 1279 4265 est
1295 4232 1311 4264 a
1329 4216 1408 4266 Patre

248 4294 273 4343 in
286 4311 336 4359 any
347 4295 375 4343 ol
389 4294 432 4342 the
449 4293 533 4342 Greek
546 4291 632 4352 Mea„
645 4292 666 4340 it
680 4291 800 4356 probably
849 4309 912 4353 meo,
933 4309 978 4342 ιιοιι
996 4294 1079 4355 placet.
1105 4295 1207 4345 Gaaaa
1239 4297 1324 4346 Mass.
1345 4298 1407 4347 ima·

247 4392 316 4425 arose
327 4378 392 4424 from
403 4392 470 4424 some
477 4373 801 4437 transcribereommeuoing
848 4375 919 4438 ginss
938 4375 1061 4424 reference
1079 4381 1106 4424 to
1127 4376 1158 4425 bs
1180 4378 1252 4427 made
1274 4379 1354 4427 either
1376 4384 1406 4428 to

247 4460 275 4503 to
287 4456 357 4503 write
368 4462 465 4504 utentur
475 4460 521 4505 out
531 4454 560 4503 ot'
567 4455 601 4503 its
611 4468 700 4519 proper
711 4453 786 4517 plsoe.
848 4456 891 4504 the
902 4456 1002 4520 parable
1013 4457 1042 4507 ol'
1050 4458 1092 4506 the
1104 4457 1152 4507 five
1164 4459 1262 4520 alanta
1277 4475 1305 4508 or
1316 4459 1345 4508 ol
1360 4461 1406 4510 the

297 4537 307 4567 ⁴
325 4539 383 4586 εἶναι
395 4540 420 4588 δὲ
432 4540 523 4597 ταύτην
533 4539 579 4598 τὴν
589 4537 713 4598 διαφοράν.
849 4542 900 4586 ten.
