3000 4994
253 327 297 393 20
564 342 677 397 naun
702 343 857 396 namn
883 343 931 396 nu
955 342 1092 396 simun

87 514 240 601 aqqlffiqs
253 496 417 576 modicam,
432 504 466 563 et
477 497 576 563 multa
590 505 718 585 peccata
729 497 929 586 sibimetipsis
943 497 1203 585 importaverunt!
1226 494 1410 584 Ignorantia

100 589 231 693 ”lffglll
253 608 360 666 autem
373 609 475 666 mater
487 601 599 667 horum
614 602 752 667 omnium
769 624 824 688 per
837 601 1029 688 agnitionem
1048 608 1224 665 evacuatur.
1261 598 1409 686 Agnitio·

92 730 242 740 --
254 725 326 767 nem
343 724 417 790 ergo
439 703 573 769 iaciebat
590 704 745 769 Dominus
766 704 832 770 suis
851 703 1019 790 discipulis,
1040 724 1095 788 per
1112 724 1206 789 quam
1223 709 1256 766 et
1278 701 1409 765 curabat
1422 723 1451 764 ιι.
1461 724 1483 764 ιι

253 804 439 884 laborantes,
462 813 496 870 et
518 815 696 892 peccatores
719 828 740 871 a
765 814 893 892 peccato
917 807 1089 871 coercebat.
1136 804 1208 869 Non
1229 803 1324 892 igitur
1341 804 1409 889 jam

252 907 423 973 secundum
445 907 606 993 pristinam
628 909 803 995 opinionem
825 909 1008 995 loquebatur
1032 907 1087 985 eis,
1113 928 1214 992 neque
1239 905 1411 972 secundum

253 1011 459 1097 suspicionem
474 1012 730 1099 interrogantium
744 1012 950 1098 respondebat
962 1011 1024 1085 eis;
1040 1010 1096 1076 sed
1110 1010 1280 1075 secundum
1296 1006 1410 1073 doctri·

254 1135 328 1178 narn
342 1114 519 1193 salutarem,
534 1123 568 1180 et
581 1116 648 1181 siue
662 1115 826 1202 hypocrisi,
842 1123 875 1181 et
888 1115 956 1180 sine
970 1136 1111 1200 personae
1126 1112 1367 1199 ¹acceptatione.

319 1219 351 1284 3.
395 1218 486 1300 Quod
497 1217 593 1283 etiarn
606 1240 647 1283 ex
662 1218 790 1284 Domini
801 1217 995 1283 sermonibus
1007 1217 1197 1282 ostenditur:
1215 1214 1268 1302 qui
1283 1214 1410 1301 quidem

253 1320 303 1385 his
317 1321 470 1407 quierant
483 1342 523 1386 ex
538 1320 771 1386 circumcisione
782 1321 967 1387 ostendebat
982 1320 1098 1385 Filium
1113 1320 1185 1397 Dei,
1200 1341 1272 1385 eum
1286 1318 1339 1404 qui
1355 1340 1412 1405 per

252 1424 420 1510 prophetas
434 1424 620 1510 praedicatus
634 1424 735 1490 iuerat
750 1425 918 1503 Christmn,
934 1424 993 1489 hoc
1007 1433 1056 1489 est
1075 1423 1288 1508 semetipsum,
1312 1421 1411 1486 mani·

252 1527 398 1604 testabat,
419 1527 472 1612 qui
488 1527 665 1592 libertatem
685 1527 863 1593 hominibus
879 1527 1107 1606 restauraverit,
1122 1535 1155 1592 et
1168 1525 1345 1592 attribuerit
1363 1524 1410 1589 in·

253 1630 435 1714 corruptelae
449 1630 674 1695 hereditatem.
704 1631 824 1696 Gentes
837 1638 943 1696 autern
957 1631 1070 1696 itemm
1084 1631 1237 1696 docebant
1253 1628 1408 1716 Apostoli,

253 1740 290 1797 ut
303 1732 512 1818 relinquerent
525 1754 605 1797 vana
618 1732 704 1819 ligna
714 1740 747 1798 et
761 1732 888 1820 lapides,
905 1756 975 1820 quae
988 1733 1226 1819 suspicabantur
1239 1753 1308 1796 csse
1322 1731 1409 1808 deos,

253 1844 287 1901 et
300 1857 407 1901 verum
421 1834 557 1901 colerent
573 1836 687 1914 Deum,
706 1836 759 1924 qui
778 1837 991 1902 constituisset
1005 1845 1038 1901 et
1055 1838 1181 1902 fecisset
1194 1856 1286 1901 omne
1300 1834 1410 1898 huma·

252 1960 329 2003 num
341 1960 451 2025 genus,
467 1946 498 2003 et
513 1961 568 2024 per
582 1938 790 2005 conditionem
804 1962 894 2006 suam
907 1941 1004 2006 aleret
1018 1949 1050 2006 et
1064 1949 1193 2027 augeret
1207 1949 1240 2005 et
1254 1937 1410 2004 constabi-

252 2041 332 2115 liret,
350 2049 384 2106 et
397 2041 444 2106 eis
457 2063 526 2106 esse
543 2051 726 2128 praestaret;
745 2051 778 2107 et
793 2050 829 2107 ut
843 2052 1061 2130 exspectarent
1078 2043 1193 2108 2(ἱΙίιιιιι
1207 2044 1275 2129 ejus
1294 2041 1409 2106 desum

254 2145 423 2223 Christum,
446 2146 499 2232 qui
516 2146 647 2211 redemit
667 2168 725 2210 uos
742 2147 782 2211 de
802 2147 960 2232 apostasia
977 2148 1130 2233 sanguine
1148 2167 1216 2223 suo,
1233 2145 1275 2210 ad
1293 2144 1353 2209 hoc
1373 2152 1410 2209 ut

253 2269 392 2314 essemus
407 2257 440 2313 et
454 2270 512 2314 nos
527 2248 658 2335 populus
674 2248 897 2322 sanctificatus,
913 2249 953 2313 de
967 2249 1054 2314 coelis
1069 2250 1289 2315 descensurum
1304 2246 1336 2311 in
1350 2247 1410 2312 vir·

253 2357 321 2415 tute
336 2350 451 2428 Patris,
465 2350 516 2438 qui
532 2359 564 2415 et
575 2350 727 2437 judicium
742 2350 880 2416 omnium
895 2351 1033 2417 facturus
1045 2362 1104 2430 est,
1119 2361 1152 2417 et
1166 2374 1205 2416 ea
1219 2372 1289 2438 quae
1303 2372 1323 2415 a
1339 2350 1410 2416 Deo

252 2463 327 2520 sunt
346 2455 427 2519 bona
447 2454 617 2519 donaturus
638 2454 697 2531 his,
720 2455 772 2541 qni
794 2454 982 2520 servaverint
1000 2465 1156 2542 praecepta
1174 2457 1252 2542 ejus.
1292 2454 1357 2520 Hic
1377 2454 1410 2520 in

252 2557 427 2623 novissimis
441 2558 632 2644 temporibus
651 2579 813 2644 apparens,
828 2558 908 2645 lapis
925 2580 1066 2624 summus
1081 2559 1249 2646 angularis,
1264 2558 1297 2623 in
1311 2580 1410 2623 unum

89 2683 164 2734 apsa
173 2683 194 2722 ιι
205 2683 234 2728 ιι.
252 2661 386 2748 collegit,
405 2671 438 2727 et
452 2660 551 2725 univit
565 2683 620 2726 eos
634 2660 687 2747 qui
707 2659 809 2747 longe,
825 2670 857 2727 et
874 2662 995 2749 eosqui
1010 2684 1115 2749 prope,
1131 2661 1190 2727 hoc
1204 2671 1263 2740 est,
1279 2661 1410 2727 circum·

89 2782 215 2828 aaran.
253 2764 399 2829 cisionem
419 2770 453 2829 et
466 2763 680 2849 ³praeputium,
704 2763 838 2828 dilatans
853 2763 982 2851 Japhet,
1007 2765 1054 2830 ⁴et
1069 2765 1261 2831 constituens
1281 2787 1354 2831 eum
1377 2766 1410 2831 in

252 2867 344 2932 domo
368 2866 451 2930 Sem.

741 3047 841 3113 OAP.
863 3047 924 3114 VI.

256 3183 419 3258 ostensio
437 3182 534 3282 quod
550 3182 591 3257 in
608 3183 817 3282 Soriptnris
832 3212 936 3260 nerino
954 3187 1051 3262 alirn
1063 3187 1167 3262 Dens
1184 3187 1406 3279 nominatur,

329 3325 395 3374 nec
429 3299 614 3375 Dominus
647 3314 894 3400 nnncrcpatur,
933 3302 1005 3376 nisi
1036 3303 1131 3378 solua
1165 3330 1272 3377 uerus
1305 3303 1410 3378 Deus

325 3417 445 3492 Pater
463 3418 626 3493 omnium
644 3431 675 3492 et
702 3418 856 3493 Verbum
874 3421 957 3518 ejus

254 3577 284 3639 l.
326 3572 446 3645 Nasus
473 3573 568 3662 igitur
583 3574 748 3654 Dominus,
770 3597 870 3663 neque
887 3575 1021 3661 Spiritus
1041 3583 1179 3653 sanctus,
1203 3598 1304 3663 neque
1322 3579 1408 3664 Apo·
1422 3587 1483 3629 (Μ

250 3676 323 3741 stoli
337 3698 409 3742 eum
424 3677 476 3764 qni
488 3700 550 3742 non
561 3688 644 3744 esset
656 3679 754 3758 Deus,
770 3679 925 3744 definitive
940 3689 972 3745 et
986 3681 1127 3745 absolute
1139 3680 1243 3744 Deum
1254 3681 1409 3747 nominas-

250 3788 322 3846 sent
342 3779 519 3866 aliquando,
535 3780 595 3846 nisi
618 3790 702 3846 esset
721 3805 791 3847 vere
807 3783 913 3857 Deus;
939 3804 1040 3868 neque
1063 3782 1233 3847 Dominum
1258 3783 1409 3868 appellas-

250 3892 321 3948 sent
341 3882 476 3970 aliquem
496 3905 537 3949 ex
556 3905 614 3949 sua
627 3906 769 3971 persona,
786 3884 863 3950 ⁶nisi
881 3884 934 3970 qni
953 3885 1129 3950 dominatur
1150 3885 1289 3950 omnium
1305 3887 1409 3951 Deum

300 4056 310 4088 ¹
327 4058 491 4120 acceptatione,
506 4075 533 4108 as
543 4059 570 4108 in
581 4060 624 4108 tha
635 4059 736 4108 Crass.
745 4059 803 4109 Ms.
854 4059 891 4119 in,
902 4058 984 4107 would
995 4059 1026 4107 be
1033 4058 1113 4106 added
1121 4059 1194 4122 again
1204 4058 1268 4107 aster
1278 4058 1408 4109 Christum

251 4137 491 4200 ἀπροσωπολὴπτως,
502 4140 545 4189 the
557 4140 643 4204 Syriae
655 4139 806 4202 periphrasis
904 4140 915 4172 ³
931 4141 984 4189 The
996 4141 1096 4190 Carsu.
1109 4142 1159 4189 and
1171 4141 1250 4190 Voss,
1261 4141 1337 4190 MSS.
1346 4143 1410 4191 have

251 4217 290 4264 ior
306 4219 474 4281 ἀνυποκρίτωι.
854 4224 897 4272 the
916 4229 962 4271 not
983 4223 1134 4287 improbable
1153 4223 1256 4286 reading
1274 4224 1408 4287 purpuria·

299 4296 311 4328 ²
326 4299 379 4346 The
395 4300 494 4350 Cannu.
514 4301 572 4350 MS.
585 4302 631 4351 has
646 4302 741 4350 Filium
755 4302 806 4351 Dei
855 4304 950 4363 tionem,
965 4307 1134 4368 ἀκροβυστίαν.

249 4379 299 4442 ejus
309 4380 337 4426 in
351 4379 473 4429 Ohristnrn
484 4383 575 4444 Jerurn,
586 4384 667 4432 which
675 4401 734 4448 may
742 4386 805 4434 have
904 4386 915 4416 ⁴
937 4394 964 4447 ot,
989 4388 1097 4436 inserted
1116 4388 1150 4450 by
1168 4386 1255 4436 Mass.
1279 4387 1344 4436 from
1366 4387 1410 4437 tho

249 4461 516 4510 ariaenoutofFiliom
523 4463 661 4514 DeiJcsnin
671 4467 802 4517 Christum.
855 4467 955 4516 Cannu.
969 4468 1019 4516 and
1030 4468 1111 4516 Voss,
1126 4468 1203 4517 MSS.

249 4543 303 4591 Tha
314 4543 381 4591 word
393 4543 477 4593 Jesum
488 4544 582 4608 having
588 4547 650 4595 been
658 4548 706 4598 lost
717 4549 743 4597 in
754 4549 805 4612 φἰιι
905 4550 915 4581 ³
933 4552 955 4598 el
964 4552 998 4610 μὴ
1009 4552 1051 4599 τὸν
1062 4552 1158 4599 πάντων
1170 4551 1303 4613 κρατοῦντα
1315 4550 1382 4599 θεὸν.
