3000 4994
261 314 306 379 34
744 326 772 379 S.
799 325 913 379 LUCAE

98 480 309 546 mansneti
328 477 528 559 sacrificaret,
547 479 671 544 intrans
688 479 722 544 in
739 476 883 564 tenplum
902 475 1041 542 Domini.
1081 474 1141 557 Qui
1157 479 1271 560 praeest
1289 472 1322 536 in
1342 490 1416 536 con-

110 553 241 637 GRl'11·¹¹·
263 590 373 669 spectu
392 581 529 661 Domini,
552 580 733 667 simpliciter
751 589 784 646 et
807 579 949 644 absolute
967 587 1000 644 et
1023 579 1111 642 lirme
1132 576 1237 641 Deum
1254 583 1287 640 et
1307 573 1418 638 Domi-

111 642 238 729 mpsim.
263 708 338 751 num
359 686 511 750 confitens
533 707 573 749 ex
595 706 652 750 sua
673 705 815 771 persona,
842 705 913 748 eum
940 682 992 769 qui
1019 681 1147 768 elegerit
1170 678 1358 754 Jerusalem,
1385 685 1418 742 et

101 766 499 876 ——legisdationem
524 787 689 854 sacerdotii
717 787 835 866 fecerit,
862 789 951 874 cujus
980 794 1029 851 est
1057 795 1090 850 et
1118 784 1248 872 angelus
1278 781 1416 846 Gabriel.

264 892 392 958 Etenim
413 893 543 958 alterum
566 914 658 978 super
680 891 763 956 hunc
785 890 959 956 nesciebat:
984 891 1010 954 si
1033 891 1115 954 enim
1138 888 1328 953 intellectum
1349 910 1418 973 per-

263 995 399 1061 fectioris
413 995 544 1080 alicujus
559 993 620 1059 Dei
635 1002 668 1059 et
683 993 811 1058 Domini
825 1000 938 1079 praeter
951 992 1034 1058 hunc
1048 992 1218 1069 habuisset,
1233 1012 1296 1055 non
1311 989 1418 1076 ntique

264 1098 347 1162 hunc
377 1119 470 1182 quem
500 1095 619 1161 sciebat
645 1095 725 1159 labis
754 1115 822 1159 esse
847 1094 991 1170 fructum,
1018 1092 1159 1157 absolute
1188 1100 1221 1156 ct
1245 1091 1278 1155 in
1304 1097 1416 1168 toturn,

265 1200 435 1264 Dominum
457 1208 490 1265 et
510 1199 613 1265 Deum
636 1199 844 1276 confiteretur,
867 1197 948 1263 sicut
969 1205 1042 1262 ante
1061 1196 1263 1262 ostendimus.
1301 1194 1364 1258 Sed
1385 1201 1418 1259 et

97 1315 149 1358 Luc
159 1314 251 1365 anm.
264 1303 303 1367 de
317 1304 342 1367 J
343 1303 465 1368 ohanne
478 1303 585 1368 dicens
599 1303 644 1367 sic
658 1301 716 1366 ait:
738 1302 814 1366 Erit
828 1302 908 1366 anim
923 1323 1050 1387 nonnos
1064 1301 1098 1365 in
1112 1309 1265 1384 compono
1279 1299 1418 1376 Domini,

264 1415 293 1471 ot
306 1406 560 1489 multoafiliornm
578 1405 684 1470 Israel
696 1413 842 1470 mneomct
858 1404 905 1469 od
921 1404 1088 1469 Dominam
1108 1404 1210 1468 Deum
1227 1404 1372 1488 spamam,
1390 1411 1420 1467 ct

264 1509 329 1595 ipsc
342 1509 496 1596 mmccdot
513 1510 549 1574 in
566 1517 721 1594 conspectu
741 1507 814 1591 oy'ua,
836 1508 871 1572 in
888 1508 1004 1593 spirito
1023 1517 1052 1571 ct
1071 1508 1184 1571 oirtntc
1205 1506 1318 1584 Helice,
1332 1527 1419 1591 proe-

257 1633 379 1698 pararc
391 1613 524 1678 Domino
530 1611 650 1698 plebem
667 1612 675 1643 ¹
676 1613 856 1696 perfectam.
896 1610 953 1676 Oui
971 1632 1047 1698 ergo
1061 1609 1208 1696 populum
1222 1608 1418 1695 praeparavit,

264 1723 298 1780 et
311 1715 344 1778 in
359 1716 447 1799 cujus
462 1714 590 1780 Domini
604 1720 773 1800 conspectu
788 1735 921 1802 magnus
935 1714 1036 1779 factus
1050 1715 1119 1778 esti
1149 1712 1269 1799 Utique
1284 1713 1351 1798 ejus
1366 1714 1419 1800 qui

101 1840 251 1888 manniam
265 1815 362 1881 dixit:
388 1816 542 1898 Quoniam
562 1823 596 1881 et
606 1815 682 1902 plns
703 1837 795 1901 qnam
810 1815 962 1902 propicio
979 1815 1089 1881 habuit
1108 1815 1223 1903 aliquid
1243 1815 1268 1880 J
1269 1817 1417 1896 ohannes,

266 1929 294 1986 ct
308 1941 391 1985 ncnm
405 1920 440 1984 in
454 1919 538 1983 notio
549 1918 713 1984 molicnon
726 1920 826 2004 major
840 1930 882 1984 cst
895 1919 1036 1984 Jononn
1054 1919 1287 2005 ²Bnptiontore:
1311 1920 1364 2006 qni
1385 1930 1419 1986 et

265 2023 413 2112 populum
427 2024 622 2109 praeparabat
635 2022 675 2087 ad
689 2022 857 2088 adventum
872 2022 1009 2101 Domini,
1025 2024 1181 2089 conservis
1194 2023 1417 2110 praenuntians,

265 2136 299 2193 et
317 2125 533 2213 poenitentiam
551 2125 627 2210 ipsis
642 2147 834 2213 praeconans,
852 2126 897 2190 uti
915 2126 1127 2192 remissionem
1145 2149 1165 2192 a
1184 2127 1321 2193 Domino
1340 2151 1418 2214 pne·

265 2239 355 2296 sente
376 2229 576 2316 perciperent,
605 2230 743 2295 conversi
772 2229 828 2294 ⁸ad
849 2252 931 2308 eum,
956 2252 1058 2317 aquo
1079 2239 1205 2316 propter
1234 2241 1363 2317 peccata
1386 2239 1420 2298 et

266 2332 544 2420 transgressionem
565 2339 655 2397 erant
674 2332 860 2408 abalienati;
892 2333 1151 2419 quemadmodum
1173 2340 1206 2398 et
1228 2333 1331 2399 David
1358 2336 1416 2411 ait,

102 2461 217 2503 cervus
266 2437 411 2503 Alienati
427 2445 497 2502 eunt
506 2445 679 2523 peccatores
692 2435 731 2499 ub
746 2446 840 2515 ntcro,
855 2446 1034 2500 erraverant
1048 2459 1069 2500 o
1083 2446 1193 2502 centro.
1231 2437 1275 2501 Et
1293 2447 1419 2528 propter

265 2541 326 2608 hoc
345 2549 527 2607 convertens
545 2561 600 2606 eos
613 2540 655 2606 ad
673 2539 844 2605 Dominum
863 2561 979 2616 eorum,
1000 2541 1195 2626 praeparabat
1213 2540 1349 2608 Domino
1364 2566 1419 2630 po-

266 2645 373 2732 pulum
401 2644 582 2731 perfectum,
612 2642 645 2707 in
671 2641 782 2730 spiritu
810 2649 843 2707 et
869 2642 982 2707 virtute
1010 2641 1123 2708 Heliae.
1170 2643 1216 2708 Et
1243 2643 1356 2710 iterum
1379 2647 1420 2712 de

102 2765 253 2816 eusimio.
266 2746 378 2834 angelo
406 2747 542 2811 referens
571 2743 634 2809 ait:
666 2744 710 2809 In
731 2745 796 2830 ipso
817 2753 918 2809 anton
940 2753 1068 2830 tempore
1097 2746 1205 2810 mnam
1232 2757 1275 2812 cot
1294 2749 1420 2835 nnpclnc

269 2848 433 2913 Gabriele
446 2848 523 2926 Deo,
539 2848 593 2932 qni
607 2856 636 2911 ct
649 2845 730 2910 dicit
752 2846 898 2932 Vimini:
922 2847 1001 2912 Noli
1015 2849 1121 2912 tinere
1135 2849 1260 2927 clario,
1276 2851 1420 2918 invenisti

101 2962 172 3004 mee
181 2963 252 3013 wm-
266 2952 347 3017 cnin
357 2951 495 3036 pretinm
509 2949 598 3034 opnd
609 2949 721 3013 Dono.
750 2949 794 3013 Et
809 2951 848 3015 de
863 2950 1000 3015 Domino
1015 2950 1108 3017 dicit:
1129 2952 1193 3017 Hic
1208 2954 1268 3019 nit
1281 2977 1419 3041 neoniae,

266 3063 295 3119 ct
314 3052 421 3118 Filim
438 3051 594 3115 numni·
612 3049 779 3130 vocabitur,
797 3061 824 3115 ot
845 3051 932 3117 dabit
953 3053 982 3118 ei
1004 3053 1155 3119 Dominus
1173 3055 1260 3121 Denc
1280 3057 1420 3125 tironem

265 3155 377 3220 Daniel
386 3155 492 3241 patris
509 3153 570 3233 eni,
586 3163 615 3219 ct
629 3152 767 3240 repondit
785 3156 820 3218 in
841 3155 926 3220 domo
945 3156 1042 3221 Jacob
1062 3158 1096 3222 in
1114 3168 1270 3238 (eternum,
1287 3171 1315 3227 ct
1331 3165 1419 3248 rnpni

265 3259 329 3344 ejus
339 3279 399 3322 non
413 3257 566 3338 critfinia.
607 3257 685 3340 Quis
696 3266 745 3321 est
759 3265 865 3323 autem
879 3258 959 3324 alius
974 3259 1026 3345 qui
1038 3271 1150 3348 regnat
1163 3263 1196 3326 iu
1210 3264 1303 3328 domo
1315 3265 1420 3331 Jacob

265 3363 332 3429 sine
350 3360 577 3426 intermissione
596 3360 629 3424 in
643 3368 805 3440 aetemum,
825 3361 884 3427 nisi
901 3361 1043 3429 Christus
1062 3365 1086 3428 J
1087 3388 1160 3431 esus
1180 3367 1334 3434 Dominus
1348 3391 1420 3434 nos·

265 3473 323 3542 ter,
346 3464 446 3529 Filius
464 3463 525 3529 Dei
541 3464 708 3543 Altissimi,
729 3465 782 3551 qui
802 3487 856 3550 per
878 3465 995 3553 Legem
1018 3477 1050 3532 et
1072 3469 1247 3554 Prophetas
1266 3472 1419 3557 promisit,

265 3570 448 3634 ⁴salutarem
461 3591 552 3634 suum
566 3571 719 3635 iacturum
735 3592 769 3635 se
789 3571 873 3635 omni
889 3572 974 3636 carni
989 3573 1148 3652 visibilem,
1164 3584 1200 3639 ut
1213 3576 1302 3643 fieret
1319 3577 1420 3645 Filius
1432 3597 1458 3637 o.
1471 3599 1494 3637 u

268 3672 425 3750 Hominis,
440 3673 481 3737 ad
495 3673 564 3751 hoc,
577 3681 613 3737 ut
627 3681 659 3738 et
674 3673 767 3738 homo
782 3673 870 3739 fieret
884 3674 965 3740 filius
981 3675 1062 3740 Dei?
1092 3676 1225 3764 Propter
1239 3679 1321 3766 quod
1334 3681 1421 3744 exul-

101 3801 152 3888 διὲκ.
161 3802 174 3841 1.
183 3802 213 3850 m
222 3803 252 3850 n,
266 3784 339 3842 tans
354 3776 469 3854 Maria,
484 3776 639 3841 clamabat
654 3798 710 3861 pro
727 3776 870 3842 Ecclesia
883 3778 1085 3864 prophetans:
1113 3781 1299 3865 Moynificot
1313 3785 1422 3848 animo

265 3903 334 3946 ono
359 3881 536 3958 Dominum,
564 3888 593 3944 et
616 3879 765 3945 cantitavit
784 3881 913 3966 spiritns
934 3903 1017 3946 neno
1038 3885 1073 3947 in
1098 3883 1166 3947 Deo
1187 3885 1321 3950 mimoni
1346 3908 1420 3952 mco.

266 3983 434 4048 lAsonneit
468 3983 550 4048 onim
580 3981 686 4046 Israel
707 4004 842 4068 pnnrnm
870 4004 967 4062 cunm,
993 3986 1172 4050 6reminisci
1202 3988 1422 4053 miscncordioe

267 4204 296 4237 or
311 4189 399 4250 added,
412 4205 439 4238 aa
456 4189 586 4239 Missum
602 4190 731 4254 imagines,
746 4190 819 4253 opli-
869 4190 1005 4251 Raptum
1016 4189 1069 4255 [ὃν.
1083 4192 1108 4240 in
1120 4208 1187 4240 error
1198 4192 1356 4259 Baplietcrel

310 4269 316 4281 ⁰
351 4270 357 4281 '
439 4271 444 4283 '
917 4270 1388 4330 ³On.An.Voss.buth.odDonn.

315 4508 776 4572 ”BoplnoterncnbutAmMnnc
789 4527 819 4564 11.
920 4515 1069 4567 ‘rnniniaci
1091 4535 1119 4567 as
1140 4520 1166 4568 iu
1189 4521 1232 4569 the
1252 4521 1351 4573 Onnum,
1374 4525 1426 4574 and
