3000 4994
243 328 308 393 236
585 339 817 394 APOSTOLICA
844 338 1053 393 SUCCESSIO.

102 516 206 602 fflfflf'·
243 494 338 583 igitur
352 493 554 573 ostendimus,
574 494 686 580 siquis
704 493 789 581 legat
805 493 991 579 Scripturas,
1030 492 1157 557 Etenim
1176 491 1331 556 Dominus
1350 489 1396 556 sic

107 609 201 694 ⁰133}
244 596 389 663 disseruit
404 595 565 681 discipulis
583 604 655 682 post
669 595 926 660 resurrectionem
941 617 1065 660 suarna
1085 595 1225 673 mortuis,
1242 598 1298 659 ¹ex
1319 594 1397 679 ipsis

90 699 218 786 ”ffilh
245 700 413 786 Scripturis
433 699 600 764 ostendens
617 698 673 777 eis,
694 698 840 785 quoniam
860 698 1011 784 oportebat
1024 699 1099 784 pat-i
1123 698 1284 774 Christum,
1306 707 1334 761 et
1348 698 1396 760 ic·

80 821 229 906 ff
244 812 329 869 trare
348 803 382 866 ia
400 802 532 887 pieriam
551 823 647 878 mam,
665 811 693 866 et
715 802 748 864 ire
766 802 882 864 nomiae
905 800 967 885 cius
988 802 1187 866 ranheionem
1203 811 1397 886 peccatoram

80 892 199 957 ”ems
238 906 415 992 predicari
437 906 470 968 ia
497 914 555 969 toto
580 905 701 969 mando.
747 903 792 967 Et
816 903 875 967 erit
900 912 1133 967 consummatus
1160 902 1338 990 discipulus,
1364 911 1398 968 et

80 1027 140 1068 m
150 1026 232 1066 :urat
245 1008 355 1073 similis
369 1007 582 1092 patrifamilias
597 1008 648 1094 qui
665 1007 703 1072 de
717 1007 864 1072 thesauro
879 1029 936 1071 suo
951 1006 1066 1092 profert
1081 1028 1160 1071 nova
1179 1016 1211 1071 et
1226 1015 1342 1071 vetera.

311 1116 343 1177 2.
377 1112 592 1195 ²Quapropter
612 1109 725 1196 eisqui
746 1110 778 1174 in
795 1109 938 1175 Ecclesia
956 1120 1030 1174 sunt
1046 1109 1233 1195 presbyteris
1251 1110 1399 1175 obaudire

246 1222 380 1299 oportet,
403 1212 452 1276 his
475 1212 527 1297 qui
548 1213 776 1278 successionem
800 1213 917 1277 habent
934 1213 975 1276 ab
998 1212 1170 1296 Apostolis,
1191 1211 1273 1277 sicut
1295 1222 1399 1277 osten-

247 1315 363 1391 dimus;
390 1313 442 1401 qui
455 1336 525 1379 curn
538 1314 735 1400 episcopatus
749 1313 944 1380 successione
955 1314 1110 1378 charisma
1124 1315 1264 1379 veritatis
1279 1324 1400 1379 certum

246 1418 416 1484 secundum
431 1416 581 1503 placitum
597 1417 703 1483 Patris
718 1427 918 1503 acceperrmt:
942 1418 1078 1504 reliquos
1091 1439 1164 1482 vero
1179 1418 1231 1503 qui
1243 1417 1401 1482 absistunt

246 1525 286 1585 ⁸a
300 1519 458 1607 principali
474 1519 679 1596 successione,
691 1527 725 1585 et
739 1541 921 1606 quocunque
933 1519 1000 1584 loco
1012 1519 1225 1607 ⁴colliguntur,
1237 1528 1401 1604 suspectos

246 1624 371 1700 habere,
399 1621 446 1687 vel
472 1621 559 1709 quasi
582 1621 747 1688 haereticos
769 1630 802 1687 et
828 1621 918 1686 malae
941 1622 1115 1699 sententiae,
1138 1621 1186 1687 vel
1208 1624 1295 1709 quasi
1319 1623 1400 1687 scin-

247 1725 358 1791 dentes
386 1732 419 1789 et
448 1725 547 1789 elatos
577 1733 609 1789 et
638 1724 697 1789 sibi
727 1722 897 1809 placentes,
929 1733 985 1788 aut
1010 1746 1117 1789 rursus
1146 1735 1181 1789 ut
1210 1725 1399 1810 hypocritas,

248 1836 388 1914 quaestus
407 1826 509 1913 gratia
530 1833 563 1890 et
580 1847 668 1890 venre
688 1825 796 1913 gloriae
816 1826 876 1892 hoc
896 1835 1070 1911 operantes.
1105 1826 1222 1892 Omnes
1243 1837 1348 1892 autem
1367 1829 1400 1892 hi

82 1957 235 1999 uvares.
249 1929 430 1996 deciderunt
452 1949 472 1992 a
495 1927 635 1993 veritate.
675 1928 719 1993 Et
739 1927 878 1994 haeretici
901 1928 1025 2013 quidem
1047 1929 1182 1994 alienum
1200 1930 1306 2018 ignem
1328 1932 1401 1996 affe

249 2041 354 2099 rentes
370 2033 410 2096 ad
424 2032 522 2097 altare
537 2031 608 2110 Dei,
624 2032 721 2097 idest
739 2032 856 2097 alienas
869 2032 1036 2111 doctrinas,
1051 2055 1072 2096 a
1091 2034 1210 2099 coelesti
1226 2035 1298 2121 igne
1318 2057 1402 2100 com·

249 2139 409 2214 burentur,
431 2135 692 2221 quemadmodum
716 2134 828 2200 Nadab
848 2142 881 2200 et
899 2134 1018 2200 Abiud.
1057 2135 1119 2217 Qui
1135 2158 1208 2201 vero
1230 2149 1403 2225 exsurgunt

250 2249 359 2308 contra
373 2239 546 2315 veritatem,
567 2245 600 2303 et
613 2238 729 2303 alteros
745 2239 951 2303 adhortantur
968 2239 1115 2304 adversus
1136 2240 1309 2305 Ecclesiam
1329 2242 1401 2319 Dei,
1415 2263 1440 2304 a.
1450 2266 1492 2304 aa.

251 2350 412 2408 remanent
429 2339 513 2425 apud
539 2339 664 2419 interos,
686 2341 833 2428 voragine
856 2349 948 2406 terrae
965 2342 1115 2427 absorpti,
1143 2343 1402 2429 quemadmodum

84 2465 238 2506 suasam
252 2446 305 2532 qui
321 2445 404 2510 circa
418 2444 520 2509 Chore
533 2443 662 2508 Dathan
676 2451 709 2508 et
726 2444 857 2509 Abiron.
901 2444 960 2527 Qui
984 2451 1089 2509 autem
1106 2445 1252 2509 scindunt
1267 2453 1300 2511 et
1314 2469 1403 2533 sepa·

84 2552 201 2637 ³⁸5⁸·fl'·
209 2554 232 2593 ¹⁰
252 2556 323 2613 rant
337 2547 490 2612 unitatem
506 2546 667 2626 Ecclesiae,
688 2546 820 2613 eandem
834 2569 927 2634 quam
950 2546 1140 2614 Hieroboam
1160 2570 1285 2634 poenam
1306 2551 1403 2636 perci·

83 2607 119 2647 “q
251 2650 340 2736 piunt
354 2670 375 2713 a
389 2650 470 2715 Deo.

715 2861 818 2927 CAP.
841 2861 936 2928 XLI.

586 3015 647 3090 Dc
672 3016 901 3115 Presbyterie
925 3017 1076 3116 injustis.

316 3189 346 3249 1.
393 3185 459 3267 Qm
483 3206 556 3249 vero
578 3183 687 3249 crediti
711 3184 837 3271 quidem
858 3194 933 3250 sunt
957 3208 979 3250 a
1001 3184 1109 3251 multis
1130 3208 1199 3253 esse
1221 3189 1403 3274 presbyteri,

249 3287 388 3352 serviunt
402 3295 508 3352 autem
523 3286 589 3352 suis
608 3287 829 3374 voluptatibus,
849 3298 882 3354 et
900 3310 963 3352 non
978 3299 1162 3376 praeponunt
1182 3290 1324 3356 timorem
1341 3292 1404 3356 Dei

247 3476 297 3525 and
314 3477 345 3525 he
361 3476 432 3524 tahas
447 3476 490 3525 the
510 3481 632 3536 sentence,
647 3483 668 3524 et
685 3475 732 3525 erit
747 3491 800 3524 eoa·
851 3476 895 3525 the
904 3476 1036 3541 rendering
1046 3477 1075 3525 ot
1084 3478 1198 3538 φαίνομεν
1204 3476 1238 3542 by
1244 3477 1399 3538 ostendimus,

246 3565 474 3607 summotae—mvn
491 3565 512 3606 et
528 3565 612 3615 emera,
632 3558 800 3623 immediately
850 3559 948 3607 instead
960 3559 988 3607 of
996 3560 1101 3608 tacemus
1112 3576 1140 3609 or
1150 3575 1303 3622 apparemus.

246 3639 310 3688 alter
327 3639 388 3701 lcpat
404 3638 551 3700 Scripturas.
581 3639 633 3688 But
644 3640 713 3687 there
728 3640 749 3688 is
766 3654 799 3688 no
900 3640 1079 3690 ¹As.ineerts
1090 3649 1118 3691 ct.

247 3720 369 3784 necessity
388 3721 428 3769 tor
444 3721 503 3769 this.
533 3721 584 3769 For
601 3720 695 3785 having
716 3720 799 3770 stated
899 3719 978 3769 ¹'l'he
993 3721 1084 3769 author
1095 3722 1174 3769 shews
1185 3723 1241 3770 that
1252 3723 1403 3788 conformity

245 3803 289 3852 the
300 3802 409 3851 advance
420 3802 527 3851 towards
538 3802 653 3867 spiritual
663 3803 798 3867 perfectiora
849 3802 911 3851 with
922 3804 964 3851 the
976 3802 1076 3850 Church
1087 3803 1116 3850 ol
1124 3803 1208 3851 Christ
1215 3820 1241 3852 as
1249 3804 1357 3852 founded
1369 3821 1401 3853 on

245 3884 318 3933 made
340 3883 374 3948 by
395 3884 439 3932 the
457 3883 592 3943 Christian,
615 3884 741 3932 Isthmus
762 3886 798 3933 in·
849 3884 893 3932 the
909 3884 1027 3948 Apostles
1042 3885 1091 3933 and
1104 3885 1233 3949 Propheta,
1248 3886 1269 3934 is
1283 3902 1330 3934 our
1342 3888 1402 3951 only

245 3964 359 4013 traduces
384 3965 428 4012 the
453 3965 584 4027 quotation
606 3965 671 4013 from
697 3965 795 4025 Daniel,
848 3965 980 4029 saleguard
994 3966 1033 4014 for
1049 3982 1065 4015 a
1081 3966 1149 4030 right
1166 3968 1363 4032 understanding
1376 3969 1405 4016 ot

244 4045 294 4093 and
305 4045 365 4093 then
376 4061 485 4093 resumes
496 4046 535 4093 his
541 4045 645 4108 subject,
655 4045 797 4109 instancing
850 4047 985 4111 Scriptura.

244 4127 288 4175 the
304 4126 449 4190 knowledge
466 4126 494 4174 os
507 4126 639 4190 scriptural
654 4126 726 4176 truth
739 4143 796 4175 con·
898 4127 909 4160 ⁸
936 4131 986 4178 ἀπὸ
1013 4132 1056 4190 τῆς
1079 4132 1257 4193 προηγουμένης
1279 4134 1398 4192 διαδοχῆς,

243 4208 322 4272 veyed
341 4212 369 4256 to
387 4207 425 4256 his
445 4207 559 4271 disciples
576 4208 609 4271 by
625 4207 668 4256 the
685 4207 796 4271 glorified
848 4211 865 4260 i.
871 4229 892 4260 e.
906 4212 967 4260 with
981 4212 1104 4262 reference
1119 4219 1146 4262 to
1164 4215 1207 4263 the
1226 4215 1289 4263 later
1303 4215 1360 4263 date
1377 4216 1406 4264 ot

245 4287 357 4349 Sasiam,
370 4289 421 4338 and
433 4291 525 4338 arrives
540 4295 568 4338 at
583 4290 627 4338 the
643 4290 793 4352 conclusion,
847 4291 942 4354 heresy,
959 4297 1004 4340 not
1021 4297 1048 4340 to
1065 4292 1173 4342 internal
1190 4295 1250 4342 rute.
1286 4294 1325 4344 Cf.
1339 4309 1361 4358 9,
1373 4311 1399 4345 n.

243 4369 301 4418 that
323 4370 365 4417 the
388 4369 513 4418 Christian
536 4370 595 4418 thus
613 4369 741 4433 threayhly
756 4371 795 4418 ire·
848 4369 871 4434 6,
888 4385 909 4433 7.

244 4450 348 4497 arnaud
366 4450 457 4498 willbe
470 4448 792 4512 asthercr'achoaselwlder,
897 4454 908 4485 ⁴
936 4454 1013 4513 Van,
1037 4454 1118 4506 Voss.
1139 4473 1163 4506 rc
1180 4457 1303 4519 colliyunt.
1332 4459 1402 4507 cerd-

245 4531 288 4581 dc.
318 4530 372 4579 One
387 4547 460 4581 cause
472 4533 501 4581 os
514 4534 642 4598 obscurity
652 4535 674 4584 is
688 4536 795 4600 perhaps
847 4553 939 4597 yeme.
976 4536 1019 4586 Cn.
1032 4537 1153 4599 celltprmt.
