3000 4994
481 381 666 434 nunaunt
689 382 824 435 armus.
1162 367 1229 432 219

75 538 108 596 et
122 531 366 599 invisibilitatem
381 533 506 618 quidem
521 534 628 600 Patris
642 536 831 611 custodiens,
846 557 885 600 ne
900 535 1023 622 quando
1037 536 1131 600 homo
1143 536 1231 601 fieret
1267 557 1323 614 ιιι..
1334 559 1374 597 1v.

75 644 251 702 contemtor
271 637 342 716 Dei,
358 646 391 703 et
413 646 449 702 ut
466 660 589 723 semper
608 639 737 704 haberet
754 639 795 703 ad
818 639 902 725 quod
921 640 1104 725 proficeret3
1127 639 1232 703 visibi-
1272 607 1373 690 &llll

1282 698 1363 735 xxxvii.

75 738 136 802 lem
158 747 263 805 autem
286 762 392 806 rursus
411 741 589 807 hominibus
610 741 802 828 permultas
825 741 1044 828 dispositiones
1064 743 1231 807 ostendens
1260 742 1386 834 Μ’ζξῇξν·

77 841 191 920 Deum,
210 865 249 908 ne
270 844 320 908 lin
340 852 408 910 toto
429 844 577 910 deficiens
591 867 612 909 a
630 845 700 911 Deo
718 846 822 924 homo,
843 853 980 911 cessaret
998 867 1078 911 esse.
1123 845 1232 910 Gloria
1248 863 1394 873 -·

75 945 159 1009 enirn
179 946 241 1010 Dei
260 947 366 1012 vivens
386 948 497 1012 horno:
521 947 587 1012 vita
607 955 714 1013 autem
733 947 868 1013 hominis
887 943 965 1014 visio
986 949 1059 1019 Dei.
1099 948 1133 1013 Si
1148 948 1231 1013 enim

76 1070 146 1132 quae
161 1057 210 1113 est
230 1072 285 1136 per
305 1050 514 1115 conditionem
532 1051 669 1116 ostensio
690 1051 751 1116 Dei
769 1052 865 1116 vitam
883 1060 1013 1138 praestat
1033 1052 1176 1117 omnibus
1198 1051 1232 1114 in

75 1159 160 1216 terra
173 1151 356 1231 viventibus,
367 1152 466 1218 multo
478 1153 579 1240 magis
594 1175 632 1218 ea
646 1176 716 1240 quae
731 1161 780 1220 est
794 1177 850 1241 per
863 1154 1005 1220 Verbum
1019 1155 1230 1220 manifestatio

77 1253 192 1332 Patris,
208 1256 305 1319 vitam
320 1264 450 1342 praestat
464 1256 514 1321 his
528 1257 581 1343 qui
596 1257 701 1323 vident
716 1257 831 1326 Deum.

144 1364 175 1425 8.
208 1360 375 1442 Quoniam
394 1381 469 1448 ergo
489 1360 624 1446 Spiritus
641 1361 703 1426 Dei
725 1384 780 1448 per
803 1363 970 1449 prophetas
988 1360 1093 1428 lutura
1111 1361 1230 1449 signifi·

78 1462 169 1539 cavit,
185 1463 387 1547 praeformans
406 1467 481 1527 ²nos
495 1471 528 1527 et
542 1470 718 1550 praeaptans
736 1464 825 1529 adid
845 1473 881 1529 ut
900 1464 1017 1530 subditi
1038 1465 1109 1529 Deo
1123 1465 1229 1538 simus,

77 1566 215 1630 futurum
240 1576 345 1632 autem
368 1575 445 1645 erat,
472 1566 623 1632 uthomo
645 1568 823 1653 persancti
846 1568 982 1654 Spiritus
1002 1568 1231 1655 beneplacitum

77 1669 215 1743 videret;
240 1669 414 1736 necessario
429 1671 592 1755 oportebat
606 1692 670 1748 eos,
685 1693 741 1757 per
755 1693 833 1758 quos
851 1673 954 1736 lutura
969 1671 1230 1758 praedicabantur,

77 1772 180 1838 videre
200 1774 314 1850 Deum,
330 1795 421 1859 quem
436 1771 497 1857 ipsi
512 1772 688 1838 hominibus
702 1773 867 1838 videndum
882 1774 1087 1839 intimabant:
1108 1773 1154 1837 uti
1169 1794 1232 1837 non

77 1877 177 1941 solum
197 1877 318 1942 dicatur
332 1876 513 1963 prophetice
529 1876 627 1954 Deua,
643 1884 676 1942 et
691 1876 753 1941 Dei
774 1876 884 1955 Filius,
900 1886 934 1942 et
949 1877 1060 1955 Filius,
1076 1884 1108 1942 et
1124 1877 1232 1954 Pater,

76 1981 132 2046 sed
147 1989 180 2046 et
192 1989 228 2045 nt
241 1980 381 2045 videatur
395 1979 538 2044 omnibns
552 1979 699 2044 membris
712 1980 915 2046 sanctificatis
929 1987 962 2045 et
975 1981 1096 2046 edoctis
1110 2002 1148 2045 ea
1163 2002 1233 2066 quse

77 2093 152 2150 sunt
167 2085 238 2162 Dei,
254 2090 289 2148 ut
308 2083 579 2169 ³praelorruaretur
590 2090 626 2171 et
641 2084 907 2168 praemeditaretur
927 2084 1020 2149 homo
1034 2082 1183 2169 applicari
1201 2083 1233 2146 in

77 2204 147 2248 eam
159 2186 289 2272 gloriam
304 2207 373 2271 quae
388 2193 498 2271 postea
512 2185 697 2250 revelabitur
711 2185 761 2250 his
775 2186 827 2272 qui
843 2186 975 2273 diligunt
991 2186 1106 2252 Deum.
1143 2185 1192 2250 ‘N
1193 2206 1234 2249 on

78 2285 162 2351 enim
183 2286 302 2352 ⁶solum
320 2308 462 2351 sermone
484 2286 712 2373 prophetabant
730 2288 901 2373 prophetae,
923 2287 979 2352 sed
998 2296 1031 2352 et
1052 2286 1178 2364 visione,
1201 2294 1234 2351 et

78 2390 321 2467 conversatione,
337 2397 370 2454 et
383 2390 506 2454 actibus
521 2411 599 2475 quos
613 2389 779 2468 faciebant,
795 2391 965 2455 secundum
977 2391 1009 2454 id
1024 2391 1107 2475 quod
1121 2411 1234 2476 sugge«
1261 2408 1264 2414 ’

77 2493 167 2557 rebat
182 2491 326 2577 Spiritus.
371 2492 550 2557 Secundum
565 2491 645 2557 hanc
665 2491 762 2579 igitur
779 2492 931 2557 rationem
950 2491 1134 2557 invisibilem
1152 2491 1234 2555 vide-

78 2596 155 2661 bant
184 2594 298 2672 Deum‚
323 2594 583 2681 quemadmodum
612 2597 662 2659 ⁰et
692 2594 804 2659 Esaias
832 2594 892 2659 ait:
931 2595 1043 2680 Repeto
1068 2594 1235 2658 Dominum
1251 2611 1367 2652 sulvus

78 2697 211 2764 Sabaoth
226 2698 294 2763 eidi
308 2698 401 2762 ocutis
414 2698 502 2770 occia·
519 2696 708 2783 significans,
725 2697 871 2780 quoniam
885 2696 1003 2761 videbit
1017 2695 1115 2760 oculis
1130 2694 1234 2759 Deum

78 2804 183 2882 homo,
203 2810 236 2869 et
250 2824 356 2868 vocem
372 2803 440 2887 ejus
457 2802 573 2867 audiet.
618 2801 797 2866 Secundum
814 2802 895 2867 hanc
914 2801 1010 2888 igitur
1029 2800 1182 2865 rationem
1202 2808 1235 2864 et

80 2905 197 2971 Filium
223 2905 284 2969 Dei
308 2904 464 2968 hominem
489 2903 637 2968 videbant
660 2912 875 2969 conversatum
897 2926 969 2968 cum
992 2903 1178 2980 hominibus,
1201 2901 1233 2966 id

80 3008 162 3092 quod
176 3008 315 3071 futurum
329 3013 397 3071 erat
415 3005 645 3092 prophetantes,
668 3027 740 3071 eum
760 3007 813 3092 qui
829 3006 967 3071 nondum
987 3007 1105 3086 aderat,
1124 3005 1234 3071 adesse

79 3194 198 3243 lectionem
203 3194 279 3256 plaiae
286 3193 427 3255 confirmant
434 3193 633 3261 lampsacum
683 3191 792 3254 cipliaed
813 3191 967 3254 deimberti,
986 3193 1030 3241 the
1051 3208 1155 3256 passage
1176 3208 1234 3241 run·

78 3289 120 3326 111.
129 3293 171 3326 xx.
183 3277 286 3341 (pror),
298 3283 394 3335 mant,
408 3276 504 3325 Gracc:
518 3276 567 3322 Kal
580 3277 634 3335 Θεῷ
684 3274 745 3336 ning
767 3273 793 3321 in
815 3274 858 3322 tho
880 3274 992 3337 original,
1014 3276 1052 3322 tva
1074 3277 1237 3337 προμορφωθῇ

78 3361 122 3418 μὲν
134 3360 290 3420 παραστῆσαι
302 3360 343 3406 τὸν
357 3358 489 3419 ἄνθρωπον,
503 3360 633 3419 ἀνθρώποις
684 3356 724 3403 καὶ
736 3357 905 3417 προμελετηθῇ
915 3356 927 3404 ὁ
939 3358 1061 3417 ἅνθρωπος
1073 3358 1236 3418 προσέχεσθαι

79 3442 106 3490 δὲ
116 3441 231 3502 γνωρίσαι
242 3442 283 3488 τὸν
292 3440 359 3490 Θεὸν,
384 3439 484 3487 Garun.
686 3439 717 3498 τῇ
728 3438 791 3498 δόξῃ.
823 3437 862 3486 cf.
875 3439 986 3496 μελετῶν,
1000 3450 1018 3486 1.
1031 3435 1070 3497 86,
1084 3453 1104 3497 1,
1115 3438 1166 3486 and
1177 3452 1234 3499 403,

129 3520 138 3551 ¹
157 3521 183 3569 in
194 3529 247 3581 toto,
263 3521 373 3581 Cannar„
387 3520 478 3580 Voss,
495 3521 526 3570 nl.
541 3527 623 3568 totum.
685 3518 717 3568 G.
734 3521 930 3579 μεμελετηκυῖαν,
945 3533 1001 3581 450,
1016 3519 1046 3568 G.
1064 3519 1233 3568 meditotv'amia.

129 3601 141 3633 ²
156 3619 199 3650 noe
210 3604 230 3651 is
241 3602 321 3651 added
332 3604 395 3650 from
407 3604 450 3651 the
459 3602 504 3651 On.
518 3602 569 3651 and
579 3603 631 3650 Aa.
734 3597 745 3628 ⁴
762 3599 866 3659 atavam
880 3606 912 3647 eet
923 3599 1057 3661 inpudici
1068 3615 1097 3648 eo
1110 3599 1140 3648 de
1150 3616 1176 3647 rc
1186 3615 1235 3647 scvi-

129 3683 356 3747 ³prcrsormoretnr
374 3691 394 3732 rt
413 3684 631 3746 praemeditamur.
684 3678 759 3728 tentio
775 3679 822 3740 lic,
835 3681 940 3729 Patrum
956 3680 1053 3729 illorum
1070 3696 1119 3728 non
1137 3685 1236 3728 tanturn

79 3765 133 3812 The
144 3765 246 3828 reading
257 3765 285 3812 os
294 3765 388 3813 Gnnnn
396 3766 416 3813 is
424 3764 541 3813 retained.
561 3764 633 3812 Mas·
685 3760 778 3823 lingua,
802 3777 888 3809 verum
911 3761 986 3809 etiam
1008 3761 1068 3818 vita,
1092 3759 1236 3824 prophetica

80 3858 146 3894 sunu
157 3846 259 3909 reading
270 3847 434 3906 distillaretur,
449 3863 476 3894 aa
493 3847 518 3894 in
531 3845 631 3895 (innan.
686 3844 741 3903 luit,
759 3843 798 3891 tio.
813 3856 849 3891 1v.
869 3850 951 3890 rovvtru
968 3842 1086 3890 Faustum
1102 3857 1156 3903 cap.
1175 3856 1197 3899 a,
1215 3850 1236 3889 et

79 3929 131 3976 and
153 3928 233 3976 Voss.
274 3928 345 3975 Xan.
364 3926 422 3976 Atb.
443 3928 472 3977 Jt.
493 3941 510 3976 r.
531 3942 569 3987 oo,
589 3928 634 3977 has
686 3925 728 3974 b'b.
747 3937 935 3986 x111.cop.v3.
974 3922 1235 3972 Tertulliano-retiam:

79 4008 123 4055 the
140 4008 200 4055 verb
218 4009 369 4069 προμελετᾷν
386 4009 411 4056 in
428 4008 501 4056 much
513 4009 556 4056 tho
567 4024 634 4056 same
688 4006 758 4055 Sicut
777 4007 886 4065 vocibus,
907 4006 988 4053 itaet
1010 4005 1082 4052 rebus
1104 4005 1234 4067 prophota-

79 4104 158 4147 sense,
172 4088 231 4151 only
241 4090 266 4135 in
282 4089 325 4137 the
340 4090 420 4137 active
432 4090 515 4145 voice:
540 4090 570 4138 ὡς
587 4091 635 4138 otta
686 4094 741 4136 turn
764 4091 809 4144 est,
831 4085 872 4134 lib.
894 4085 924 4133 de
942 4084 1120 4133 Resurrectione
1136 4085 1233 4135 Carnis.

79 4187 108 4217 τε
120 4171 244 4232 εἰσβάντες
257 4171 288 4218 εἰς
300 4170 361 4228 ναῦς,
373 4169 417 4216 ἅτε
429 4171 452 4217 ἐν
460 4171 533 4218 adan
543 4172 579 4230 τῷ
588 4173 634 4232 βίῳ
687 4169 806 4217 Fnuann.

80 4252 324 4312 προμεμελετηκότες.
354 4251 634 4316 Thesamocompound
735 4251 892 4299 anssunn
920 4249 964 4297 has
992 4248 1054 4305 oolo,·
1082 4249 1125 4297 the
1153 4249 1235 4299 Greek

79 4334 146 4382 word
159 4333 211 4382 also
223 4334 244 4381 is
254 4334 405 4397 interpreted
416 4335 450 4398 by
460 4335 504 4397 the
513 4334 635 4383 Scholiast
687 4332 767 4382 words
783 4331 909 4380 doubtless
925 4346 996 4389 were,
1013 4333 1040 4378 ού
1055 4330 1126 4388 μόνον
1140 4334 1189 4393 γὰρ
1202 4334 1238 4392 τῷ

79 4431 113 4463 on
124 4417 167 4463 the
180 4415 273 4464 lberto.
291 4417 359 4473 1188,
374 4417 408 4479 by
419 4418 532 4476 μελετᾶν,
543 4417 632 4474 ἀσκεῖν,
687 4416 761 4475 λόγῳ.
798 4413 854 4461 Still
868 4412 911 4460 the
923 4412 1020 4460 Cnnnn.
1034 4413 1083 4460 and
1095 4412 1175 4463 Voss.
1196 4431 1237 4463 are

79 4497 216 4558 γυμνάζειν.
247 4497 334 4545 Hence
351 4514 389 4545 we
405 4513 463 4562 may
475 4498 562 4546 collect
577 4498 634 4545 that
687 4497 711 4543 in
724 4496 762 4543 his
773 4495 869 4542 favour.
890 4497 941 4543 Aa,
954 4495 1030 4542 idaim
1040 4504 1153 4547 ammone.

79 4580 122 4627 tho
140 4579 257 4641 monning
275 4581 303 4626 ol
320 4580 363 4627 thc
381 4580 448 4626 word
467 4580 525 4626 horo
546 4580 566 4626 is
586 4579 635 4623 ‹lia—
734 4576 788 4636 Mt,
803 4577 853 4625 An.

1021 4664 1132 4728 14-2
