3000 4994
567 339 797 394 LIBERTATIS.
1197 331 1261 394 185

108 486 147 550 ad
162 509 266 553 occasa
281 489 419 576 collinam
434 501 481 555 te:
502 502 530 557 et
546 493 648 557 dicatu
671 494 817 581 aquileam,
839 495 975 569 Adora·
1002 506 1029 561 et
1049 507 1161 575 auaro,
1186 496 1264 562 Nol-i
1298 505 1402 591 bfffflv·

101 591 284 675 prohibere:
308 596 445 659 ¹ottrole
456 597 541 677 filios
562 620 639 661 arceor
660 598 699 661 da
717 599 883 685 longinqua
908 608 935 663 et
947 599 1037 681 filios
1055 623 1136 664 careas
1149 622 1170 665 α
1185 623 1263 664 aom-
1303 581 1396 683 (ΥΥῨΥΥ

108 695 264 760 raritatibus
290 706 391 777 terrra,
418 721 515 764 coortos
539 710 679 788 quotquot
701 704 799 767 vocati
820 713 890 766 sortt
912 704 947 766 io
970 705 1086 767 tramine
1111 727 1181 768 uteo.
1219 705 1263 768 In
1287 691 1415 776 Mlivl‘rlv‘

105 799 207 884 glorio
224 802 303 864 anim
321 826 387 866 uteo
397 805 594 889 proparari,
611 815 638 869 ct
647 807 798 891 formovi,
821 816 849 871 er
866 808 936 891 feci
951 830 1027 872 cam.
1072 807 1418 895 ²Hocideo,13„„„„u,‚

108 904 253 987 quoniam
265 904 434 993 ubicunque
445 917 486 971 est
497 907 639 983 cadaver,
652 909 727 972 illoc
738 909 996 996 congregabantur
1010 920 1038 974 ct
1051 910 1175 997 oqoibo,
1191 933 1262 997 par-
1274 894 1319 1015 ΥΥΥ·
1373 977 1380 1015 ¹

107 1006 273 1092 ticipantes
288 1008 395 1095 gloriae
411 1011 560 1077 Domini:
586 1013 638 1097 qui
662 1021 695 1077 et
713 1014 866 1092 formavit,
884 1022 916 1079 et
934 1014 974 1078 ad
998 1014 1057 1079 hoc
1077 1013 1262 1100 praeparavit
1274 980 1401 1062 mmm

108 1129 175 1185 nos,
191 1119 227 1174 ut
241 1111 316 1175 dum
330 1134 438 1177 sumus
453 1136 524 1178 cum
538 1136 576 1180 eo
590 1115 811 1201 participemus
825 1116 931 1203 glorias
946 1117 1024 1202 ejus.

173 1217 201 1279 2.
238 1215 290 1281 Sic
305 1225 338 1281 et
359 1220 447 1282 Deus
468 1219 508 1283 ab
529 1218 617 1284 initio
639 1219 795 1283 hominem
810 1219 933 1306 quidem
952 1220 1115 1306 plasmavit
1137 1228 1263 1306 propter

107 1340 196 1382 snam
220 1321 484 1396 munificentiam
508 1321 701 1408 patriarchas
720 1345 792 1387 vero
812 1323 906 1410 elegit
925 1331 1052 1408 propter
1071 1323 1192 1387 illorum
1212 1345 1262 1387 sa-

107 1421 224 1498 lutem;
261 1425 407 1510 populum
439 1446 510 1491 vero
537 1427 766 1511 praeformabat,
798 1426 913 1491 docens
941 1425 1138 1490 indocibilem
1173 1425 1261 1511 sequi

109 1529 213 1591 Deum
226 1553 234 1604 ;
258 1528 424 1614 prophetas
438 1550 510 1593 vero
532 1530 737 1614 praestruebat
757 1529 790 1593 in
803 1537 895 1605 terra,
908 1550 1090 1594 assuescens
1104 1528 1260 1592 hominem

106 1641 230 1716 portare
251 1635 318 1718 ejus
341 1632 500 1718 Spiritum,
528 1641 560 1697 et
582 1632 829 1698 communionem
856 1632 970 1696 habere
990 1653 1060 1696 cum
1082 1634 1170 1696 Deo:
1194 1631 1261 1716 ipse

107 1735 232 1821 quidem
259 1737 370 1802 nullius
398 1737 562 1825 indigens;
602 1737 651 1801 his
677 1758 749 1801 vero
781 1736 833 1823 qui
870 1736 1027 1823 ³indigent
1061 1737 1139 1822 ejus,
1171 1756 1260 1798 suam

106 1841 248 1923 praebens
262 1840 525 1904 communionem:
550 1847 582 1904 et
596 1839 645 1904 his
659 1838 752 1926 quisi
767 1838 1010 1924 complacebant,
1026 1837 1259 1902 fabricationem

33 1927 36 1931 ⁴
106 1943 216 2009 salutis
230 1952 266 2008 ut
285 1945 475 2009 architectus
496 1944 663 2022 delineans,
685 1951 718 2008 et
737 1965 800 2007 non
819 1942 995 2006 videntibus
1017 1941 1049 2004 in
1074 1941 1219 2026 AEgypto
1240 1962 1261 2004 a

105 2048 273 2133 semetipso
290 2050 385 2114 ⁴dans
399 2049 616 2122 ducationem;
640 2056 672 2112 et
694 2047 743 2111 his
766 2046 820 2133 qui
843 2046 972 2130 inquieti
995 2052 1083 2110 erant
1098 2045 1129 2107 in
1144 2065 1258 2120 eremo,

106 2150 183 2216 dans
197 2151 390 2238 aptissimam
405 2152 524 2239 legem;
549 2160 581 2216 et
603 2151 652 2216 his
667 2151 720 2236 qui
740 2150 773 2213 iu
787 2151 901 2215 bonam
926 2157 1040 2213 terram
1063 2147 1258 2224 introierunt,

106 2251 232 2340 dignam
246 2255 388 2340 praebens
403 2254 634 2328 lraereditatem;
651 2262 684 2317 et
698 2252 747 2316 his
762 2253 814 2337 qui
830 2259 1049 2317 convertuntur
1063 2251 1103 2314 ad
1120 2250 1258 2324 Patrem,
1271 2266 1322 2352 ppo.
1332 2279 1360 2306 n
1375 2269 1405 2313 a.

105 2357 281 2443 saginatum
310 2358 455 2423 occidens
477 2357 617 2435 vitulum,
641 2364 673 2421 et
697 2355 827 2441 primam
852 2354 965 2419 stolam
992 2353 1130 2418 donans:
1153 2351 1260 2416 multis

105 2461 205 2527 modis
242 2483 430 2548 componens
465 2462 634 2526 humanum
667 2482 767 2547 genus
798 2459 839 2523 ad
868 2458 1102 2523 consonantiam
1139 2456 1258 2521 salutis.

106 2561 150 2628 Et
164 2573 290 2650 propter
303 2566 362 2631 hoc
378 2566 402 2630 J
404 2566 542 2632 ohannes
557 2566 588 2628 in
605 2564 792 2651 Apocalypsi
808 2563 870 2627 ait:
895 2562 939 2625 Ee
953 2583 1009 2625 coa
1024 2560 1086 2644 ejas
1099 2561 1190 2646 quasi
1204 2582 1260 2623 coa
1272 2578 1359 2627 amca
1369 2580 1397 2616 u.

104 2690 254 2753 aquaram
266 2670 441 2734 areolarum.
466 2670 550 2735 Vere
562 2670 644 2735 eninr
654 2675 759 2754 5aquae
770 2667 877 2731 multae
887 2665 1021 2751 Spiritus
1030 2665 1103 2738 Dei,
1113 2662 1259 2750 quoniam

104 2769 199 2847 dives,
215 2779 247 2835 et
263 2773 409 2857 quoniam
425 2794 557 2860 magnus
571 2780 619 2837 est
635 2773 741 2837 Pater.
774 2772 818 2836 Et
833 2794 888 2858 per
902 2792 1010 2835 omnes
1022 2768 1089 2832 illos
1104 2767 1259 2832 transiens

106 2872 256 2952 Verbum,
285 2874 351 2941 sine
377 2875 492 2940 invidia
512 2877 679 2942 utilitatem
706 2877 876 2963 praestabat
899 2875 946 2939 eis
969 2874 1021 2959 qui
1043 2872 1175 2960 subjecti
1199 2871 1258 2936 sibi

104 2986 203 3055 erant,
218 2979 302 3043 omni
318 2979 489 3045 conditioni
503 2989 725 3067 congruentem
740 2988 773 3045 et
787 2987 893 3066 aptam
904 2978 1004 3065 legem
1020 2976 1244 3042 “conscribens

170 3083 200 3146 3.
229 3080 282 3147 Sic
296 3089 401 3147 autem
413 3092 445 3147 et
456 3082 569 3169 populo
580 3082 769 3148 tabernaculi
782 3082 960 3158 factionem,
975 3090 1007 3145 et
1019 3080 1258 3145 aedificationem

104 3182 221 3269 templi,
246 3193 279 3248 et
298 3184 477 3249 heritarum
496 3185 689 3264 electionem,
707 3185 859 3251 sacrificia
878 3207 1000 3271 quoque
1023 3191 1056 3249 et
1075 3183 1256 3261 oblationes,

104 3286 153 3351 ⁷et
168 3288 364 3365 monitiones,
377 3298 409 3353 et
421 3289 571 3373 reliquam
586 3311 710 3354 omnem
724 3289 819 3376 fllegis
834 3289 993 3353 statuebat
1009 3286 1255 3352 deservitionem.

106 3389 179 3475 lpse
194 3391 318 3477 quidem
334 3391 445 3456 nullius
460 3391 571 3456 horum
585 3401 634 3457 est
649 3393 792 3479 indigens
805 3419 814 3466 ;
838 3402 887 3457 est
906 3390 991 3456 enim
1006 3412 1128 3475 semper
1147 3390 1257 3475 plenus

103 3493 245 3558 omnibus
273 3495 373 3573 bonis,
396 3515 580 3581 omnemque
600 3495 726 3560 odorem
749 3494 922 3571 suavitatis,
945 3502 978 3558 et
1000 3514 1107 3557 omnes
1128 3514 1256 3557 suaveo-

102 3593 231 3661 lentium
246 3597 463 3683 vaporationes
476 3598 595 3662 habeus
610 3598 641 3661 in
656 3619 701 3676 se,
717 3597 812 3663 etiam
826 3606 994 3684 autequam
1012 3597 1140 3684 Moyses
1154 3604 1253 3660 esset:

150 3818 159 3850 ¹
177 3821 230 3881 Cn,
244 3822 323 3872 Voss.
336 3824 466 3873 attraham.
753 3826 763 3856 ⁶
780 3843 849 3888 apum
860 3827 947 3874 inulto.
978 3825 1030 3873 The
1042 3823 1127 3872 readcr
1138 3822 1200 3869 need
1211 3826 1256 3869 not

149 3901 230 3951 'Hoc
254 3904 312 3963 idco,
338 3906 381 3954 Cn.
404 3907 431 3954 ob
454 3906 514 3966 ideo,
537 3908 580 3955 the
596 3913 652 3957 true
704 3907 872 3956 beromindcd
889 3907 918 3953 of
931 3907 974 3954 the
985 3906 1084 3953 various
1095 3919 1212 3967 passages
1229 3903 1259 3951 of

100 3985 202 4048 reading
217 3986 298 4049 being,
313 4004 341 4036 aa
352 3988 367 4036 I
379 3989 494 4052 imagine,
508 3990 534 4038 od
548 3989 597 4049 hoc,
613 3993 652 4039 διὰ
705 3990 832 4053 Scriptura
849 3990 874 4036 in
893 3987 972 4036 which
990 3988 1033 4035 the
1050 3985 1154 4034 oll'usion
1171 3986 1200 4033 oi
1213 3985 1256 4034 the

98 4067 178 4123 τοῦτο,
188 4067 234 4115 but
246 4069 289 4116 the
300 4069 447 4118 translation
459 4071 533 4134 being
544 4072 651 4120 unusual
704 4072 773 4136 lloly
790 4072 867 4136 Spirit
885 4071 905 4119 is
922 4070 1020 4119 likencd
1037 4074 1064 4116 bo
1077 4072 1161 4116 water.
1197 4068 1253 4117 Dei.

97 4147 152 4196 ideo
170 4164 221 4197 was
240 4150 337 4199 written
356 4152 380 4199 in
398 4153 441 4200 the
460 4154 564 4216 margin,
586 4154 650 4202 from
703 4156 763 4214 Aa,
775 4155 862 4203 Mane.
874 4166 913 4215 11.,
925 4154 988 4203 enim
996 4151 1100 4201 omitted
1112 4151 1137 4197 in
1149 4153 1192 4202 the
1202 4155 1254 4203 Aa.

96 4231 197 4279 whence
208 4232 228 4280 it
239 4238 284 4295 got
295 4234 348 4281 into
360 4235 402 4282 the
414 4240 475 4284 text.
751 4236 763 4269 ⁸
780 4238 879 4286 Curram.
892 4236 1042 4286 emmaum.

145 4312 594 4376 ³iimperat,cn.,Aa.,v0ss.,Vrr.
616 4319 648 4367 al.
752 4318 762 4350 ⁷
781 4326 802 4366 ct
824 4318 969 4377 scarritiones,
994 4319 1034 4366 καὶ
1055 4318 1183 4375 νουθεσίας,
1209 4318 1255 4369 but

95 4395 229 4457 isdigerdes
244 4406 306 4447 sunl.
336 4400 386 4450 ΑΒ.
399 4402 473 4450 omits
483 4416 561 4450 mont.
702 4401 745 4449 the
757 4400 856 4448 Cannu.
870 4416 934 4464 copy
944 4400 1018 4447 omits
1030 4399 1071 4447 tha
1083 4399 1170 4448 words.

146 4478 520 4544 ⁴damdoeatiorem,lttwo
528 4484 647 4544 παρέχων.
752 4480 763 4509 ⁸
783 4483 822 4528 καὶ
844 4483 889 4539 τὴν
912 4482 990 4540 ἄλλην
1013 4483 1094 4530 πᾶσαν
1117 4483 1160 4529 τοῦ
1183 4482 1254 4539 νόμον

97 4558 137 4607 Cf.
150 4558 259 4619 ducator,
276 4561 332 4612 Vol.
346 4575 364 4611 1.
378 4579 420 4626 pp.
438 4578 490 4627 149,
504 4562 559 4622 316.
703 4564 792 4620 ἔστησε
810 4562 943 4624 θεραπείαν.
974 4563 1028 4622 Cn,
1039 4562 1120 4611 Voss.
1131 4562 1187 4624 lege.

199 4666 272 4712 von.
294 4669 327 4713 11.
1109 4650 1151 4712 12
