3000 4994
225 351 269 417 60
592 362 713 417 acuns
735 362 1020 417 nrosrononuor.

81 536 135 625 app
145 538 184 630 1711.
225 519 435 605 impassibilis,
451 541 514 585 non
528 519 703 585 affixissent
717 519 811 586 cruci.
852 518 1120 601 Quemadmodum
1135 517 1219 584 enim
1233 516 1379 604 gentibus

63 630 209 717 ffigglfff·
225 645 288 687 non
308 623 479 689 secundum
505 623 695 688 sententiam
716 622 838 709 illorum
860 622 1075 709 loquebantur,
1093 623 1150 687 sed
1171 644 1243 686 cum
1264 620 1379 685 fiducia

61 724 208 809 *2¹¹2-
225 724 380 802 dicebant,
396 725 543 810 quoniam
558 725 600 788 dii
616 725 754 809 ipsorum
770 746 833 787 non
848 734 953 788 essent
973 724 1028 802 dii,
1043 725 1098 788 sed
1114 723 1196 787 idola
1210 723 1378 787 daemonio·

223 849 312 903 rum;
336 827 429 891 simili
447 828 539 892 modo
559 835 592 892 et
610 827 633 891 J
636 827 734 891 udaeis
757 826 1006 903 annuntiassent,
1028 827 1055 891 si
1076 825 1208 891 alterum
1228 825 1379 909 majorem

224 938 257 994 et
270 930 485 1016 perfectiorem
499 929 633 994 scissent
652 928 791 1006 Patrem,
811 951 875 992 non
891 928 1118 1003 adnutrientes,
1142 949 1243 1012 neque
1261 932 1378 1012 augenss

223 1039 274 1096 tes
295 1054 402 1096 eorum
417 1053 480 1095 non
494 1054 597 1096 veram
614 1032 652 1096 de
663 1031 733 1096 Deo
748 1031 935 1119 opinionem.
972 1030 1017 1095 Et
1031 1032 1039 1061 ¹
1052 1030 1257 1095 Ethnicorum
1272 1038 1378 1094 autem

224 1133 380 1198 solventes
394 1156 538 1210 errorem,
555 1142 587 1199 et
601 1134 777 1199 auferentes
789 1154 877 1198 ensa
891 1132 957 1197 suis
968 1133 1037 1208 diis,
1048 1154 1111 1196 non
1125 1133 1232 1216 utique
1246 1131 1379 1196 alterum

225 1236 272 1301 eis
287 1236 460 1301 inferebant
475 1258 630 1312 errorem;
654 1237 709 1301 sed
725 1236 901 1301 auferentes
915 1236 1036 1320 eosqui
1058 1256 1119 1299 non
1134 1243 1222 1299 erant
1237 1234 1291 1312 dii,
1306 1255 1379 1298 eum

225 1338 278 1423 qui
293 1339 378 1404 solus
392 1348 460 1404 erat
474 1339 563 1404 Deus
577 1346 610 1404 et
624 1360 714 1403 verus
731 1338 836 1415 Pater,
853 1339 1065 1403 ostenderunt.

291 1447 322 1506 8.
369 1442 420 1505 Ex
435 1441 537 1506 verbis
554 1441 640 1506 Petri
657 1440 761 1527 igitur,
777 1463 847 1528 quae
862 1440 936 1505 fecit
952 1440 985 1503 in
995 1441 1138 1504 Caesarea
1151 1439 1192 1503 ad
1202 1439 1379 1505 Cornelium

225 1542 448 1620 centurionem,
475 1551 508 1609 et
533 1544 663 1628 eosqui
692 1565 763 1608 cum
788 1564 825 1608 eo
851 1550 941 1607 erant
964 1541 1108 1629 gentiles,
1141 1542 1253 1627 quibus
1278 1541 1379 1627 primo

225 1654 387 1710 cosmatus
401 1652 450 1710 est
464 1667 566 1710 sermo
583 1645 653 1719 Dei,
677 1646 926 1733 cognoscendum
945 1655 994 1710 est
1014 1644 1113 1722 nobis,
1129 1666 1199 1729 quse
1213 1643 1379 1707 aununtia-

225 1746 302 1812 bnnt
317 1747 474 1832 Apostoli,
486 1755 518 1811 et
527 1747 628 1833 qualis
639 1747 699 1811 fuit
707 1747 886 1833 praedicatio
897 1746 1044 1832 ipsorum,
1057 1754 1089 1810 et
1100 1767 1194 1830 quam
1205 1745 1380 1809 habuerunt

226 1847 266 1912 de
288 1848 358 1913 Deo
379 1849 578 1914 sententiam.
622 1849 700 1913 Erat
719 1849 813 1926 enim,
835 1848 946 1933 inquit,
971 1846 1133 1913 Cornelius
1147 1847 1198 1912 hic
1213 1847 1378 1932 reficimus,
1391 1866 1419 1905 u.
1431 1866 1471 1906 rea

226 1960 254 2015 et
268 1952 374 2015 timeris
394 1951 495 2016 Deum
513 1974 580 2016 cam
602 1962 663 2016 tota
685 1952 769 2017 dorico
787 1975 853 2030 nm,
875 1953 1035 2036 olfaciens
1056 1952 1250 2035 elcerieosynas
1271 1950 1381 2014 rit-ultas

225 2054 539 2140 imperfectorum
553 2054 654 2119 Deum
673 2077 797 2142 seraper.
849 2055 935 2119 Vidit
955 2078 1024 2140 ονοο
1045 2056 1129 2119 circu
1148 2056 1254 2119 lteram
1270 2077 1380 2118 οοοαοι
1391 2076 1466 2115 uara

225 2155 298 2232 diei,
314 2156 453 2241 arpalum
462 2157 524 2220 Dei
538 2157 750 2222 ²introeuotem
760 2158 806 2220 ud
815 2180 855 2236 ec,
868 2167 895 2221 et
906 2159 1069 2222 dicentem:
1085 2157 1305 2241 ³Eleemosynoe
1318 2167 1380 2222 tuce

225 2257 423 2321 ascenderunt
437 2258 471 2321 ia
485 2260 820 2323 recommemorutiouem
835 2260 869 2323 in
883 2269 1036 2346 conspicuo
1050 2260 1119 2325 Dei.
1152 2261 1287 2346 Propter
1302 2262 1383 2347 qood

225 2360 308 2423 istm
322 2360 367 2424 nd
379 2361 539 2439 Siinonein,
552 2362 605 2448 qui
620 2371 745 2426 occatur
759 2362 884 2427 Petrus.
920 2362 1035 2427 Petrus
1048 2372 1154 2427 autem
1170 2385 1241 2427 cum
1253 2363 1380 2427 vidisset

227 2573 302 2643 Τοῦ
340 2572 479 2675 Πέτρου
519 2574 580 2658 miv
621 2573 841 2672 ἀποκάλυψιν
882 2574 1019 2662 ἰδόντος,
1058 2579 1091 2648 ἐν
1125 2578 1144 2672 ᾗ
1177 2581 1195 2659 ἡ
1236 2575 1381 2676 οὐράνιος

226 2684 315 2755 εἶπεν
347 2687 439 2776 αὐτῷ
482 2689 583 2786 φωνή·
623 2687 644 2758 d
686 2691 705 2759 ὁ
744 2688 828 2766 Θεὸς
863 2692 1049 2789 ε’καθάρισε,
1092 2691 1135 2761 σὺ
1174 2690 1219 2773 μὴ
1264 2691 1379 2775 κοίνου,

225 2801 341 2870 4τοῦθ’
370 2800 424 2870 ὅτι
460 2796 512 2869 διὰ
545 2806 608 2871 τοῦ
640 2803 740 2884 νόμου
767 2801 894 2897 μεταξὺ
922 2805 1073 2902 καθαρῶν
1104 2803 1157 2873 καὶ
1186 2800 1383 2901 ἆκαθᾶρτων

226 2907 418 2988 διαστείλας
446 2913 464 2981 ὁ
492 2910 584 2996 Θεὸς,
612 2913 709 2989 οὗτος
738 2913 916 3013 ἕκαθοῖρισε
938 2912 982 2987 τὰ
1015 2917 1088 2998 ἔθνη
1115 2914 1168 2986 dui
1194 2922 1258 2988 τοῦ
1285 2918 1382 3000 οἶμαι

225 3053 286 3099 τος
311 3027 374 3093 τοῦ
403 3021 520 3100 παιδὸς
549 3025 659 3109 αὑτοῦ,
688 3026 746 3097 5ὃν
776 3027 830 3097 καὶ
858 3029 877 3097 ὁ
903 3027 1091 3129 Κορνήλιος
1119 3030 1263 3117 ἐσέβετο
1276 3082 1379 3098 .......

224 3255 453 3335 revelationem,
469 3256 578 3344 inqua
598 3261 758 3348 respondit
776 3262 817 3326 ad
839 3285 911 3328 eum
935 3264 1072 3330 coelestis
1095 3287 1173 3331 vox:
1197 3265 1271 3344 Qua
1296 3265 1382 3329 Dens

224 3359 409 3438 certandooit,
433 3369 467 3424 tn
496 3384 533 3425 οο
558 3385 710 3427 coronzano
733 3365 867 3439 (finierim
891 3367 951 3432 lmc
975 3368 1054 3443 ideo,
1078 3367 1224 3452 quoniam
1250 3368 1302 3451 qui
1327 3387 1381 3452 per

224 3460 326 3548 legem
350 3461 431 3528 inter
457 3465 573 3531 munda
595 3475 628 3532 et
652 3467 811 3532 immunda
835 3470 980 3534 distinxit
1008 3471 1105 3547 Deus,
1131 3471 1182 3536 hic
1202 3471 1381 3535 emundavit

224 3573 335 3650 gentes
355 3587 410 3648 per
423 3568 607 3654 sanguinem
624 3568 699 3633 Filii
717 3571 776 3648 sui,
793 3594 886 3656 quem
909 3581 942 3637 et
964 3573 1126 3638 Cornelius
1149 3572 1280 3638 colebat.
1326 3573 1381 3636 Ad

59 3687 209 3734 sannen
224 3689 317 3753 quem
333 3669 447 3734 Petrus
461 3671 587 3736 veniens
602 3673 702 3737 dixit:
726 3675 769 3738 [a
787 3677 915 3741 caritate
936 3679 1078 3762 conpleri,
1100 3679 1241 3762 quereiam
1261 3699 1319 3741 aaa
1340 3686 1381 3741 est

217 3792 421 3857 personarum
442 3785 579 3861 acceptor
601 3776 694 3855 Deus,
721 3779 776 3841 sed
802 3779 837 3842 in
859 3781 939 3844 ouini
957 3789 1052 3865 perata,
1076 3781 1130 3865 qni
1154 3781 1238 3844 timet
1261 3802 1327 3844 eam
1354 3789 1382 3842 ot

222 3883 368 3960 oporatur
395 3874 560 3960 justitiam,
597 3879 789 3965 acceptabilis
825 3881 854 3945 ei
887 3890 937 3947 est.
980 3882 1151 3948 Manifeste
1187 3881 1379 3969 significans,

272 4097 283 4129 ¹
306 4099 401 4148 Grion
422 4102 478 4150 first
496 4102 576 4152 added
595 4110 625 4164 el,
649 4104 713 4153 from
730 4105 774 4153 the
874 4103 1000 4154 ’onnam
1019 4106 1053 4157 el.
1066 4106 1202 4157 inermem.

223 4177 304 4228 Voss.
317 4181 374 4230 MS.
378 4219 385 4242 ,
398 4183 447 4232 and
458 4185 479 4232 it
489 4201 568 4234 seems
579 4202 646 4235 moro
657 4186 774 4250 probablc
874 4185 885 4218 ³
900 4187 927 4234 A
938 4203 1066 4252 surnmary
1077 4189 1137 4253 only
1154 4189 1182 4237 of
1196 4189 1240 4238 the
1251 4190 1380 4238 narration

222 4259 279 4308 that
296 4263 411 4312 trulmdl
429 4266 517 4314 should
535 4267 598 4315 have
609 4268 670 4315 been
689 4268 714 4314 in
733 4268 775 4314 the
825 4268 938 4332 isgiven.

222 4339 313 4399 Greek,
334 4343 395 4390 than
413 4345 469 4393 that
486 4353 506 4393 et
525 4347 613 4396 should
631 4348 694 4396 have
713 4348 774 4396 been
875 4348 886 4380 ⁴
903 4350 970 4398 τοῦθ’
987 4351 1026 4399 for
1041 4353 1174 4411 τοῦτομὲν,
1192 4352 1208 4400 i.
1217 4369 1239 4400 e.
1253 4353 1362 4414 γέγονεν.

221 4420 315 4469 educed
335 4423 400 4472 from
428 4426 583 4489 metricorum,
608 4430 669 4478 with
696 4437 776 4479 autem
875 4429 931 4492 ldie,
946 4433 988 4480 the
999 4434 1146 4482 antecedent
1157 4434 1232 4499 being
1243 4437 1325 4495 αὑτοῦ,
1335 4439 1381 4483 not

222 4500 357 4566 following.
828 4512 919 4563 παιδός.
