3000 4994
364 449 538 504 nmnamr
564 450 730 505 nonnus
754 451 986 507 scammum.
1182 441 1248 508 285

95 621 160 666 eos.
205 599 268 666 Sed
290 601 436 689 quoniam
456 610 490 667 et
503 602 696 689 patriarchas
718 603 771 688 qui
787 603 882 690 elegit
903 605 981 683 ¹eos,
1003 604 1086 671 idem
1103 615 1153 673 est
1168 607 1247 674 Ver·
1285 631 1390 688 nrprv.

93 704 170 768 bum
191 703 263 783 Dei,
285 714 319 770 et
339 705 408 769 illos
429 727 552 790 semper
570 706 700 771 visitans
719 729 776 792 per
796 708 1010 794 propheticum
1034 710 1195 796 Spiritum,
1216 720 1249 778 et
1289 678 1385 765 ‘bibli

94 827 153 871 nos
177 807 230 892 qui
251 808 387 894 undique
406 808 567 874 convocati
584 831 692 874 sumus
713 831 768 896 per
789 832 880 875 suum
900 811 1078 891 adventum,
1097 834 1191 899 super
1210 834 1249 878 ea
1273 769 1401 903 ’ξὲἒῐζ

95 928 165 993 quae
187 909 272 974 dicta
292 918 367 975 sunt
384 931 454 975 vere
475 910 544 976 haec
565 911 710 977 dicebat:
745 913 846 979 Multi
866 913 905 978 ad
931 915 1055 981 ortano
1080 926 1108 981 et
1133 917 1248 982 Occasu
1261 937 1412 1012 Μ

94 1012 222 1088 emieat,
243 1021 273 1076 ct
290 1013 460 1078 reomudoot
480 1036 549 1079 omo
568 1013 740 1095 Abraham,
758 1025 787 1081 et
805 1018 909 1095 leoco,
932 1027 960 1082 et
975 1018 1082 1098 Jacob,
1102 1020 1137 1084 is
1158 1041 1248 1106 repon
1260 1019 1290 1057 ¹²·
1406 996 1414 1018 ⁹

94 1114 246 1181 colorum.
280 1117 365 1181 Filii
378 1127 480 1182 autem
494 1119 581 1204 rapui
601 1117 687 1183 ibunt
707 1121 742 1184 is
759 1119 894 1186 tenebras
914 1123 1083 1201 amariores,
1099 1122 1168 1188 illic
1189 1124 1249 1188 orit

85 1217 179 1299 fletis
193 1227 222 1281 et
234 1217 349 1282 stridor
363 1219 509 1285 dentium.
554 1219 588 1284 si
604 1220 700 1307 igitur
713 1221 756 1300 hi,
772 1222 825 1309 qui
837 1245 892 1308 per
905 1223 1093 1310 praeconium
1109 1227 1247 1309 Aposto-

93 1316 192 1381 lorum
202 1319 269 1404 ejus
282 1320 323 1384 ab
333 1320 461 1386 Oriente
475 1330 507 1386 ct
517 1322 688 1389 Occidente
695 1323 858 1390 credentes
868 1324 900 1389 in
911 1347 993 1402 eum,
1003 1347 1074 1390 oum
1084 1326 1247 1391 Abraham

96 1420 186 1487 Isaac
205 1431 238 1488 et
264 1423 367 1490 Jacob
386 1424 419 1488 in
436 1447 533 1511 regno
553 1425 702 1490 coelomm
721 1427 912 1504 recumbent,
933 1427 1153 1513 participantes
1176 1450 1249 1494 cum

94 1524 142 1589 eis
155 1525 374 1612 epulationem,
390 1548 471 1591 unus
485 1536 519 1593 et
532 1527 616 1592 idem
637 1527 726 1592 Deus
741 1528 924 1608 ostenditur,
946 1528 1000 1614 qui
1014 1528 1109 1617 elegit
1123 1530 1248 1617 quidem

95 1628 297 1712 patriarchas,
312 1628 449 1695 visitavit
461 1652 534 1696 vero
548 1630 706 1716 populum,
720 1639 833 1719 gentes
847 1653 920 1697 vero
933 1632 1106 1698 advocavit.

561 1982 662 2050 uAP.
687 1983 783 2050 LIX.

97 2137 259 2214 Osteocio
274 2137 371 2238 quod
391 2127 494 2214 booto
517 2139 608 2214 leber
629 2139 676 2215 sit
697 2153 730 2215 et
750 2140 1106 2240 compararemus
1123 2143 1188 2218 hoo
1208 2156 1248 2218 ut

270 2282 296 2330 o
312 2283 349 2331 se
366 2257 496 2356 clipeos
508 2256 623 2356 possit
640 2255 794 2333 meliora
811 2271 844 2332 et
861 2258 1060 2334 contraria.

161 2430 268 2495 Innun
287 2438 404 2509 autern,
424 2429 507 2515 quod
524 2430 588 2495 ait:
615 2429 734 2509 Quoties
752 2428 836 2493 volui
852 2429 1006 2516 'collipero
1019 2431 1107 2512 filios
1123 2439 1199 2510 tuoe,
1220 2440 1248 2496 st
1261 2460 1322 2501 use
1330 2460 1390 2501 nur

94 2534 243 2599 oolobti?
265 2543 399 2600 veterem
414 2535 515 2621 legem
528 2532 681 2599 libertatis
694 2532 829 2597 hominis
850 2533 1069 2611 manifestavit,
1085 2534 1158 2621 quia
1172 2534 1247 2599 libe-
1259 2508 1289 2552 ³⁷⁸

94 2658 164 2701 mm
178 2659 249 2701 eum
263 2637 350 2701 Deus
364 2637 437 2700 lecit
451 2637 492 2701 ab
508 2635 607 2713 initio,
622 2634 787 2700 habentem
802 2656 891 2699 suam
905 2642 1103 2718 potestatem,
1118 2636 1200 2701 siout
1214 2643 1247 2701 et

94 2762 185 2805 suam
198 2740 345 2819 animam,
363 2740 404 2805 ad
425 2739 575 2804 utendum
593 2736 749 2803 sententia
767 2737 828 2803 Dei
844 2736 1025 2817 voluntarie,
1041 2744 1075 2802 et
1093 2759 1157 2802 non
1178 2738 1247 2805 ὀο-

97 2926 165 2996 Bia
191 2926 265 3016 Θεῷ
288 2926 325 2997 ori
350 2927 548 3025 πρόσεστιν·
575 2922 687 3015 ἀγαθὴ
716 2919 752 2992 di
778 2924 890 3013 γνώμη
919 2918 1069 2994 πάντοτε
1094 2919 1249 3023 συμπᾶρ-
1261 2940 1394 3029 ξὲῗέώ

96 3071 190 3111 εστιν
208 3040 307 3129 αὐτῷ.

94 3245 200 3302 actum
214 3258 234 3302 a
249 3240 330 3303 Deo.
368 3235 431 3301 Vis
444 3235 527 3301 enim
542 3257 562 3300 a
576 3238 647 3300 Deo
668 3255 732 3300 non
747 3234 794 3311 fit,
809 3233 865 3299 sed
883 3234 966 3298 bons
985 3234 1140 3299 sententia
1158 3235 1249 3300 adest

96 3339 138 3403 illi
150 3362 281 3426 semper.
305 3339 349 3402 Et
361 3348 487 3425 propter
499 3338 558 3403 hoc
567 3338 728 3402 consilium
743 3336 869 3423 quidem
880 3339 996 3402 bonurn
1010 3337 1065 3402 dat
1076 3338 1249 3406 ⁴0mnibus.

96 3443 208 3508 Posuit
223 3452 329 3506 autem
344 3442 375 3504 in
395 3442 521 3505 homine
535 3448 723 3526 potestatem
737 3439 907 3516 electionis,
922 3439 1201 3523 ⁶quemadmodum
1215 3449 1249 3506 et

95 3545 129 3608 in
151 3545 289 3631 angelis:
319 3542 450 3628 (etenim
464 3543 566 3629 angeli
592 3540 790 3605 rationabiles
800 3545 825 3624 ε)
849 3541 895 3605 uti
919 3540 952 3603 hi
971 3540 1094 3627 quidem
1109 3541 1162 3625 qui
1176 3542 1249 3606 obe-

96 3647 216 3712 dissent
224 3647 311 3731 juste
325 3647 442 3709 bonum
455 3644 519 3707 sint
535 3641 739 3728 possidentes,
755 3642 862 3707 datum
878 3643 1003 3727 quidem
1017 3663 1036 3706 a
1052 3641 1131 3718 Deo,
1147 3663 1249 3707 serva·

95 3758 164 3816 tum
178 3772 250 3814 vero
265 3751 305 3813 ab
320 3748 405 3834 ipsis.
450 3747 511 3830 Qui
530 3756 636 3811 antem
655 3767 717 3810 non
735 3746 927 3824 obedierunt,
946 3747 1032 3832 juste
1054 3766 1117 3808 non
1131 3743 1249 3808 inveni·

95 3863 187 3920 entur
206 3876 278 3920 cum
299 3855 409 3931 ⁶b0n0,
424 3860 458 3916 et
474 3849 619 3915 meritam
634 3869 760 3936 poensm
782 3847 970 3935 percipient:
996 3845 1143 3932 quoniam
1161 3846 1250 3911 Deus

144 4076 459 4137 1cn.,An.,voss.m.
504 4074 592 4123 Mrno.
613 4083 644 4122 11.
695 4071 783 4121 Maro.
797 4083 815 4121 1.
828 4069 905 4120 MSS.
940 4069 983 4119 Al.
995 4082 1145 4130 mproporc.

94 4176 142 4210 ooo.
162 4160 257 4209 Gneus
266 4158 316 4208 and
328 4157 416 4207 Mssa.
428 4156 493 4205 have
503 4162 584 4216 onor,
599 4155 646 4203 but
743 4152 755 4185 ¹
772 4153 817 4203 Cn.
830 4158 930 4202 moetus.

94 4243 201 4291 without
218 4241 360 4304 authority;
377 4246 398 4288 ct
408 4253 445 4287 eos
459 4254 537 4286 seems
554 4236 645 4300 prefer·
743 4234 755 4266 ⁴
771 4236 824 4283 As.
836 4231 981 4282 hominibus.

94 4325 157 4384 able,
171 4325 202 4374 ct'.
216 4324 304 4373 cndoi
313 4322 475 4372 thisscction.
499 4320 552 4368 'l'hs
563 4318 646 4368 Greek
744 4313 1193 4376 Ἀὐτεξούσιοντότετῶνάγγέλων
1205 4314 1247 4374 γέ·

95 4409 169 4471 being
181 4407 247 4455 ἀλλὰ
259 4407 299 4454 sel
315 4405 328 4454 d
345 4405 442 4463 ἐκλέξας
458 4403 513 4450 rods
529 4400 644 4461 πατέρας,
696 4414 734 4448 roa
752 4398 791 4445 rol
812 4398 861 4445 τῶν
878 4396 1007 4458 ἀνθρώπων
1022 4397 1067 4454 τὴν
1083 4397 1162 4457 ἀρχὴν
1183 4397 1246 4444 droi-

95 4492 135 4540 rol
146 4492 251 4549 τούτους,
260 4488 307 4537 viz,
316 4487 360 4536 the
371 4485 509 4551 patriarche
519 4481 646 4531 andthose
696 4497 754 4541 ησεν
770 4479 783 4528 d
799 4479 865 4529 ses.
902 4476 978 4528 Just.
997 4477 1035 4527 M.
1060 4477 1132 4541 Apol.
1155 4488 1174 4527 1.
1214 4479 1247 4527 Τὸ

94 4573 152 4620 who
162 4571 227 4619 lived
240 4568 318 4618 under
329 4569 373 4617 the
383 4567 438 4616 first
449 4568 579 4614 covenant.
695 4563 808 4624 ἑκάτερον
821 4563 865 4622 τῆς
881 4562 999 4621 ποιήσεως
1015 4561 1075 4611 eidos
1097 4561 1248 4620 αὐτεξούσιον

143 4652 285 4716 ’enaim
321 4650 375 4711 Ort,
397 4650 460 4709 Aa,
482 4648 573 4707 Voss„
596 4643 647 4695 and
695 4645 792 4706 ptyon.
826 4641 1056 4697 Tmomddr.
1087 4640 1235 4692 ambone.
