3000 4994
523 368 822 423 nunrnmrroun.
1180 354 1246 424 267

93 515 287 597 infimitates
299 525 415 582 uestras
429 519 567 606 accepiet,
589 530 618 585 et
636 520 794 607 drupuores
806 519 965 608 pudebit,-
988 541 1042 586 ees
1063 541 1132 607 quoe
1150 523 1191 587 ub
1210 544 1248 588 eo
1284 543 1384 630 mppr.

94 617 272 684 curationes
286 620 402 686 fiebant
415 623 686 689 annuntiavemnt.
1312 617 1363 722 ¹¹³¹·

160 724 190 786 3.
226 723 359 803 Quidem
384 732 489 791 autem
515 725 673 792 hominem
703 726 887 805 ¹infirmum‚
917 735 949 793 et
975 727 1185 815 ingloriosum,
1215 735 1248 793 et
1272 728 1398 815 “gffiffi

94 823 243 889 scientem
264 826 343 892 serre
362 827 586 907 infirmitatem,
605 833 656 895 ²et
679 831 839 896 sedentem
864 834 972 918 ¹super
997 831 1114 918 pullum
1139 831 1246 907 esinae,
1368 898 1387 935 a

94 935 256 992 venturum
274 929 534 1017 Hierosolymam,
550 937 600 997 ²et
619 933 745 998 dorsum
763 955 854 998 suum
870 942 1036 1020 ponentem
1056 934 1096 998 ed
1113 930 1245 1020 flagella,-
1260 928 1386 1028 {gt-gp&

94 1036 126 1093 et
150 1030 293 1097 maxillas
315 1054 388 1097 sues
411 1034 451 1097 ad
474 1034 603 1121 palmus,
628 1044 661 1101 et
683 1037 942 1122 quemadmodum
964 1058 1052 1102 ovem
1074 1036 1185 1101 adduci
1207 1037 1248 1100 ud
1261 1051 1314 1092 κιαι.
1322 1051 1360 1090 111¹.
1369 1051 1388 1096 ⁷.

94 1133 263 1213 victimam,
290 1144 324 1201 et
346 1145 436 1201 noeto
457 1146 490 1202 et
512 1138 582 1204 felle
608 1140 719 1225 poteri,
744 1148 777 1204 et
798 1142 839 1204 ab
856 1140 965 1205 amieis
990 1145 1040 1205 ³et
1061 1140 1102 1204 ub
1124 1140 1174 1204 his
1195 1139 1247 1226 qui
1261 1161 1412 1246 mirem

95 1239 227 1324 proximi
243 1250 317 1306 sunt
337 1241 517 1328 derelinqui,
538 1250 571 1308 et
596 1245 817 1310 extendentem
835 1265 947 1309 manus
967 1266 1022 1330 per
1038 1253 1139 1310 totum
1153 1244 1247 1323 diem,
1261 1237 1395 1306 eamne

95 1352 128 1408 et
148 1345 188 1408 ab
208 1343 253 1409 eis
273 1346 326 1431 qui
347 1369 419 1411 eum
437 1347 638 1412 intuebantur
658 1347 842 1413 subsannari
858 1356 892 1413 et
910 1348 1064 1426 maledici,
1092 1357 1125 1413 et
1139 1346 1248 1432 partiri
1261 1367 1412 1453 palpum.

94 1447 280 1512 vestimenta
302 1450 380 1536 ejus,
403 1457 437 1515 et
457 1471 551 1536 super
571 1449 791 1515 vestimentum
812 1451 881 1538 ejus
903 1450 986 1514 mitti
1008 1459 1135 1527 sortem,
1160 1456 1193 1514 et
1216 1449 1249 1512 in

94 1549 202 1614 limum
217 1551 326 1616 mortis
340 1552 517 1631 deductum,
532 1561 565 1618 et
580 1552 685 1617 omniu
696 1551 782 1630 talis,
803 1573 875 1617 enm
895 1551 949 1638 qui
963 1553 1136 1617 secundum
1150 1551 1250 1617 homi·

95 1674 166 1717 nem
188 1661 237 1718 est
259 1655 427 1719 adventum
444 1654 522 1740 ejus,
544 1654 628 1719 siout
648 1653 776 1719 intravit
799 1653 1062 1740 Hierosolymam,
1085 1653 1118 1717 in
1137 1661 1251 1739 quaet

95 1777 205 1841 pessus
229 1764 262 1822 et
285 1758 452 1824 crucifixus
475 1757 625 1823 sustinuit
646 1757 752 1822 omnin
777 1776 969 1842 quaenunque
996 1765 1070 1821 sunt
1091 1756 1250 1843 praedicte,

95 1861 332 1946 prophetabunt.
376 1861 442 1925 Alii
466 1869 573 1927 nutem
594 1860 745 1938 dieentes,
769 1861 1015 1924 ‘Romenwratus
1038 1867 1079 1924 ost
1099 1861 1252 1925 Dominus

94 1973 214 2029 memus
235 1976 419 2030 olorinorum
441 1988 573 2044 sutorum,
599 1965 653 2051 qui
668 1963 929 2050 proedormieruut
953 1963 988 2026 it
1008 1971 1094 2028 terra
1121 1963 1198 2041 limi,
1222 1972 1251 2028 et

95 2067 247 2132 descendit
267 2068 313 2132 ud
333 2091 378 2134 eos
399 2070 446 2133 uti
467 2069 604 2154 eriperet,
627 2067 673 2132 ad
688 2066 871 2132 salvandum
891 2066 980 2140 telon·
1004 2087 1131 2132 eausam
1149 2067 1251 2132 reddi·

95 2169 217 2248 derunt,
233 2179 358 2256 propter
372 2192 465 2255 quem
479 2191 590 2256 pessus
603 2178 652 2236 est
666 2169 735 2235 haes
751 2169 865 2233 omniu.
898 2167 959 2250 Qui
970 2177 1077 2233 sutem
1088 2168 1248 2233 dixenmt:

95 2273 139 2337 Iu
160 2274 217 2338 illa
239 2274 300 2352 die,
323 2275 399 2339 dicit
419 2273 579 2351 Dominus,
603 2271 715 2337 occidet
734 2270 780 2336 eol
799 2271 937 2346 meridie,
962 2280 990 2335 et
1011 2278 1102 2336 eruut
1121 2271 1252 2336 tenebre
1263 2283 1411 2370 fipoevsstt.

95 2397 187 2463 super
201 2388 317 2442 terram
331 2378 365 2442 iu
379 2377 430 2441 dio
444 2377 530 2454 loeo,
551 2385 580 2440 et
593 2384 763 2440 consertam
777 2375 842 2440 dies
847 2377 943 2459 festos
956 2384 1064 2440 uestros
1076 2375 1112 2439 rin
1126 2375 1249 2456 lustum,

96 2489 125 2545 et
144 2481 287 2544 meinerus
306 2481 426 2544 continu
440 2489 540 2544 eastra
559 2480 594 2544 io
614 2478 878 2549 hmoototiouems
902 2499 973 2543 eum
997 2498 1142 2543 oceasum
1164 2477 1250 2556 solis,-

96 2582 149 2668 qui
167 2583 314 2648 crucifixo
336 2604 373 2648 eo
393 2581 453 2647 luit
471 2583 512 2647 ub
532 2582 609 2648 horu
622 2588 723 2660 sexte,
743 2580 908 2645 manifeste
927 2580 1198 2659 annuntiaverunt,
1218 2588 1251 2646 et

10 2702 81 2746 ωτι.
96 2684 169 2768 quie
187 2691 389 2771 posteaquem
408 2683 467 2750 hoo
486 2684 605 2749 fectum
623 2690 683 2761 est,
705 2682 738 2746 hi
757 2681 810 2768 qui
832 2682 1004 2746 seeundum
1026 2680 1145 2768 Legem
1162 2688 1251 2747 erent

10 2824 19 2845 ν.
29 2806 72 2845 πι
96 2788 163 2852 dies
177 2788 248 2853 sesti
263 2809 379 2865 eorum,
401 2794 434 2852 et
448 2788 580 2865 centies,
598 2786 631 2850 in
648 2786 767 2851 luctum
782 2792 815 2851 et
829 2785 1087 2850 lamentationem
1104 2790 1250 2851 ⁶eonver-

95 2898 245 2968 terentur,
268 2911 340 2955 oum
363 2889 535 2976 inciperent
553 2889 634 2954 trudi
652 2890 808 2976 gentibus.
853 2889 970 2954 Adhuo
989 2888 1085 2954 etiem
1104 2888 1250 2954 manifes-

95 2990 160 3057 tius
185 2991 244 3057 hoo
273 2990 375 3056 ⁰idem
398 3000 432 3056 et
457 2991 636 3056 Hieremias
661 2991 808 3069 ostendit,
838 2991 884 3056 sio
913 2990 1020 3056 dioens
1048 2990 1105 3055 ⁷de
1135 2990 1251 3056 Hieru-

95 3093 211 3159 salem:
235 3094 409 3159 Euiuuoito
429 3103 470 3158 eet
488 3116 556 3180 quae
569 3095 688 3180 purifi,
709 3094 818 3159 toeduit
836 3095 942 3158 solutu
961 3094 1043 3178 epis:
1066 3095 1193 3159 ⁹ocoidit
1209 3094 1254 3160 sol
1298 3122 1375 3163 .xv.o

96 3198 135 3275 ei,
165 3219 232 3261 oum
261 3197 361 3261 adhue
389 3196 507 3261 medius
539 3197 604 3261 dies
632 3205 713 3276 emet,
743 3198 868 3280 confina
896 3205 948 3274 eet,
979 3206 1007 3261 et
1033 3121 1361 3383 improperium3<

89 3321 185 3385 puseo
205 3309 264 3365 est:
287 3300 418 3386 reliquos
437 3322 538 3365 eorum
551 3303 585 3365 iu
596 3301 737 3388 obedirem
751 3299 829 3365 dolo
843 3301 878 3364 io
892 3310 1045 3387 συνωμοσία
1059 3302 1251 3367 initnioorum

96 3423 208 3469 eoruru.

162 3511 194 3572 4.
242 3507 304 3591 Qui
321 3514 428 3572 eutem
443 3507 599 3587 dixerunt,
617 3529 690 3573 eum
704 3507 855 3572 dormisse
872 3514 905 3573 et
926 3526 1069 3573 somnum
1085 3506 1204 3593 oepiese
1217 3514 1251 3572 et
1263 3534 1364 3574 mins

95 3611 311 3689 resurrexisse,
333 3611 479 3698 quonism
502 3610 657 3677 Dominus
686 3609 851 3698 ¹⁰susuepit
871 3631 954 3688 enm,
977 3617 1010 3674 et
1034 3609 1250 3696 praecipientes

146 3828 153 3859 ¹
173 3829 285 3879 Omitted
296 3831 322 3895 in
333 3831 375 3880 the
387 3831 432 3881 On.
446 3831 523 3882 MSS.
696 3834 729 3884 its
740 3834 820 3897 origin
832 3838 859 3883 to
870 3833 913 3881 the
924 3831 1056 3896 preoeding
1067 3829 1143 3878 word.

144 3909 223 3961 ’Am
236 3913 433 3963 omiteettwioe.
745 3913 844 3974 luem,
859 3913 963 3963 omitted
974 3913 1000 3960 in
1011 3911 1055 3960 the
1066 3911 1166 3958 Omne.

144 3989 155 4023 ³
170 3992 223 4042 AB.
236 3994 311 4043 omits
326 4001 348 4042 et
362 3995 392 4044 ab
403 3995 458 4053 rie·
475 3995 519 4045 Gr.
536 3996 583 4046 ὑπὸ
600 3997 648 4045 τᾶν
745 3996 756 4029 ⁷
772 3997 834 4056 Aru,
853 3995 899 4043 but
916 3994 960 4043 Cn.
978 3993 1028 4042 und
1040 3993 1120 4041 Voss.
1139 3992 1203 4040 omit
1219 3990 1249 4041 ἀι

96 4075 207 4134 πλησίον.
696 4077 768 4127 Hier.

144 4154 156 4186 ⁴
173 4157 218 4205 See
231 4174 256 4222 p.
273 4159 326 4218 108,
337 4156 361 4218 6,
375 4159 425 4208 end
438 4159 532 4220 Oreede,
546 4173 601 4220 333.
746 4158 757 4190 ⁸
771 4164 864 4221 reptem
879 4155 988 4221 possibly
996 4155 1039 4204 the
1049 4154 1161 4204 numere]
1173 4156 1248 4214 (was

144 4237 155 4270 ⁵
173 4239 233 4300 On.;
244 4240 283 4287 for
292 4240 379 4290 Mese.
387 4241 408 4288 is
420 4241 544 4290 mistelren
555 4241 580 4289 in
592 4256 647 4304 sey-
697 4241 758 4290 used
772 4241 798 4289 in
810 4240 853 4289 the
864 4238 947 4288 Greek
953 4242 1016 4297 text,
1026 4236 1107 4285 which
1115 4236 1159 4285 the
1168 4240 1249 4285 tiene

96 4320 139 4382 ing
150 4320 206 4368 thet
217 4321 238 4368 it
253 4320 297 4368 hes
313 4328 464 4380 verterentur,
478 4338 505 4370 as
522 4322 549 4370 iu
565 4319 647 4370 Voss.
696 4322 762 4371 letor
774 4319 849 4370 failed
862 4324 889 4369 to
902 4319 1012 4368 observo.

94 4399 161 4449 Thut
172 4401 230 4450 MS.
243 4402 303 4463 eleo,
316 4403 366 4451 end
383 4403 472 4451 Mnuu.
488 4415 518 4450 11.
537 4402 599 4451 omit
614 4417 648 4449 eo·
746 4401 757 4435 ⁹
773 4400 859 4451 occidit
875 4399 917 4460 eol,
932 4399 1037 4448 omitted
1048 4399 1074 4447 in
1087 4399 1130 4448 the
1141 4399 1186 4449 On.
1199 4398 1249 4448 und

94 4497 158 4530 rum.
194 4483 289 4531 Gneus
304 4484 399 4532 follows
417 4485 460 4533 the
471 4484 522 4532 An.
534 4482 645 4546 reading,
698 4483 788 4544 Voss„
802 4482 882 4531 whiolr
895 4481 948 4530 eleo
961 4480 1057 4544 replens
1071 4479 1094 4529 ei
1108 4480 1170 4530 with
1180 4488 1208 4531 d.

94 4579 178 4612 eorum
194 4571 383 4614 memorentur
388 4585 400 4622 ,·
420 4566 466 4614 but
484 4579 566 4614 eorum
583 4578 648 4612 owen
748 4565 770 4598 ¹⁰
787 4565 831 4614 On.
843 4562 986 4627 euocepuea.

1035 4649 1159 4719 l'l—e
