3000 4994
212 329 280 393 314
585 336 893 393 PRAEDESTINATA
918 336 993 390 SUA

77 515 130 555 rm.
140 515 167 555 v.
214 495 379 581 Oportebit
393 502 498 560 autem
512 501 556 574 te,
571 514 740 578 omnesque
752 490 887 557 lecturos
897 490 978 555 hanc
990 489 1185 575 scripturam,
1199 486 1368 573 impensius

52 588 315 686 —legere
331 620 370 664 ea
390 620 461 683 quae
479 619 500 662 a
516 596 607 662 uobis
626 595 777 682 praedicta
798 603 881 672 sunt,
897 603 934 659 ut
948 602 980 658 et
994 598 1178 679 argumenta
1192 590 1261 676 ipsa
1274 589 1365 668 scias,

212 704 359 768 adversus
385 725 455 789 quae
484 699 748 768 contradictiones
776 697 918 763 iacimus.
978 695 1030 760 Sic
1059 695 1200 760 enimet
1228 694 1368 780 legitime

143 884 150 895 1
213 806 260 872 eis
274 792 479 882 contradices,
495 813 527 869 et
542 796 588 869 de'
599 794 774 890 prieparato
792 793 947 887 ¹accipies
962 801 1110 864 adversus
1125 820 1179 863 eos
1193 796 1368 862 contradic·

213 910 325 987 tiones,
342 908 463 972 iliorum
477 907 603 994 quidem
617 905 791 971 sententias
810 926 867 991 per
889 904 1048 969 coelestem
1067 904 1171 981 fidem,
1191 901 1275 966 velut
1289 910 1367 965 ster·
1385 915 1415 956 11.
1428 916 1471 955 sr-

214 1035 296 1090 cora,
306 1010 487 1097 ¹abjiciens;
504 1010 606 1075 solum
619 1018 724 1074 autem
734 1031 840 1075 verum
851 1017 884 1073 et
894 1009 1017 1072 firmum
1028 1007 1212 1094 magistrum
1222 1028 1367 1090 sequens,

215 1115 357 1180 Verbum
380 1113 452 1190 Dei,
475 1112 589 1177 desum
612 1111 771 1177 Christum
793 1110 965 1175 Dominum
987 1119 1146 1174 nostrum:
1167 1110 1220 1196 qui
1242 1119 1369 1195 propter

214 1214 398 1278 immensam
418 1233 508 1276 suam
531 1210 727 1276 dilectionem
745 1211 847 1275 factus
861 1216 911 1274 est
925 1210 1008 1295 quod
1031 1230 1139 1274 sumus
1153 1230 1220 1288 nos,
1240 1209 1287 1272 uti
1311 1230 1369 1274 nos

216 1317 377 1411 perficeret
390 1334 460 1379 esse
474 1312 559 1398 quod
573 1322 606 1378 et
620 1313 697 1399 ipse.

716 1528 819 1596 OAP.
843 1527 872 1594 1.

216 1659 324 1735 sous
347 1659 514 1736 Christus
537 1656 667 1735 divina
689 1685 755 1734 aas
780 1658 919 1750 docere,
947 1683 994 1732 ae
1019 1657 1201 1733 redimere
1222 1657 1367 1758 potuit:

292 1776 459 1877 idemque
481 1789 521 1851 ut
546 1802 611 1851 uos
632 1788 838 1876 repararet,
861 1801 934 1851 aaa
956 1775 1128 1874 opinione
1148 1775 1213 1851 sed
1229 1776 1366 1876 reipsa,

291 1893 458 1993 Spiritus
473 1891 592 1969 sanai
608 1893 818 1993 operatione
835 1919 879 1968 ex
894 1890 1030 1968 Maria
1055 1892 1204 1992 Virpioe
1221 1920 1369 1969 caruem

292 2010 461 2087 assumsit
470 2042 483 2098 ,·
502 2010 676 2087 adversus
699 2011 885 2087 Valentini
900 2025 932 2087 et
948 2011 1105 2087 Ediouis
1120 2011 1308 2088 vanitates.

219 2180 251 2244 l.
295 2176 371 2241 Nou
394 2176 480 2241 enim
502 2176 593 2241 aliter
613 2180 690 2241 'uos
708 2175 828 2242 discere
846 2185 1024 2264 poteramus
1041 2200 1111 2265 quae
1130 2187 1204 2244 sunt
1222 2179 1292 2256 Dei,
1307 2179 1367 2245 nisi
1386 2192 1461 2233 (m

218 2280 367 2368 magister
388 2288 503 2356 noster,
521 2279 664 2345 Verbum
684 2279 850 2359 exsistens,
875 2280 970 2347 homo
990 2282 1091 2347 sactus
1111 2282 1232 2348 suisset.
1260 2282 1371 2369 Neque

219 2382 302 2447 enim
321 2381 402 2446 elius
416 2389 541 2468 poterat
559 2402 703 2447 enarrare
723 2382 814 2447 nobis
832 2391 992 2470 quaesunt
1008 2384 1123 2461 Patris,
1139 2384 1198 2449 nisi
1213 2385 1371 2471 proprium

55 2504 195 2550 ιιωιιιιι
221 2485 320 2572 ipsius
341 2484 493 2550 Verbum.
539 2485 615 2564 Qec
635 2486 714 2549 enim
743 2485 822 2551 alius
844 2487 978 2571 repperit
999 2507 1118 2551 seusam
1141 2488 1295 2551 Domini?
1317 2498 1373 2553 eet

220 2588 389 2676 quisalius
411 2587 475 2672 ejus
495 2588 690 2653 σοοιὶἰίονὶοο
701 2591 811 2674 saetas
831 2588 897 2652 est?
942 2589 1052 2673 Neque
1074 2612 1181 2655 rursus
1203 2611 1260 2655 nos
1281 2590 1373 2655 aliter

221 2691 340 2759 discere
354 2701 542 2778 poteramus,
558 2691 618 2756 nisi
632 2691 817 2778 magistrum
836 2699 976 2756 nostrum
991 2693 1141 2772 videntes,
1157 2701 1190 2759 et
1209 2717 1266 2781 per
1285 2695 1373 2759 audi-

220 2805 288 2860 tum
313 2800 471 2881 ’nostrum
495 2792 603 2860 vocem
631 2796 700 2882 ejus
729 2794 945 2880 percipientes,
974 2797 1021 2861 uti
1046 2798 1219 2863 imitatores
1247 2799 1373 2885 quidem

158 2937 165 2950 ·
220 2905 359 2983 operum,
388 2898 523 2962 factores
547 2905 652 2962 autem
688 2918 866 2962 sermonum
902 2898 970 2982 ejus
1005 2899 1089 2977 sacti,
1124 2901 1373 2965 communionem

221 3001 391 3065 habeamus
408 3022 480 3065 cum
502 3000 589 3086 ipso;
611 3021 632 3063 a
651 3000 800 3083 perfecto,
815 3008 849 3065 et
866 3022 904 3065 eo
923 3000 976 3087 qui
997 3011 1046 3067 est
1067 3011 1141 3067 aute
1161 3025 1284 3069 omnem
1299 3026 1374 3069 con·

222 3102 380 3182 ditionem,
402 3111 604 3191 augmentum
626 3104 824 3188 accipientes,
848 3106 900 3189 qui
926 3127 1009 3171 nunc
1034 3111 1150 3191 ³uuper
1169 3107 1244 3172 iacti
1266 3129 1375 3172 sumus

223 3212 261 3270 ⁴a
282 3205 350 3270 solo
374 3206 493 3293 optimo
514 3215 549 3271 et
568 3206 659 3283 bono,
681 3216 714 3271 et
736 3208 777 3272 ab
798 3229 836 3273 eo
858 3207 911 3293 qui
933 3208 1028 3275 habet
1049 3209 1248 3275 donationem
1274 3210 1375 3275 incor-

223 3308 445 3393 ruptibilitatis,
462 3308 494 3372 iu
516 3329 584 3372 eam
602 3331 672 3395 quse
694 3317 744 3373 est
764 3309 895 3373 adeum
914 3309 1147 3375 similitudinem
1169 3312 1255 3389 facti,
1280 3315 1385 3398 (proc.

223 3411 371 3476 destinati
395 3411 529 3496 quidem,
559 3420 594 3476 ut
623 3433 763 3477 essemus
791 3413 845 3498 qui
874 3413 1011 3476 nondum
1042 3434 1175 3493 eramus,
1205 3415 1375 3480 secundnm
1415 3388 1429 3427 '³

224 3514 451 3599 praescientiam
478 3515 611 3596 Patris)
634 3516 710 3580 facti
734 3525 840 3582 autem
867 3516 1010 3582 ⁶initium
1031 3518 1170 3591 facturae,
1200 3520 1375 3605 accepimus

224 3617 256 3680 iu
278 3618 477 3703 praecognitis
501 3616 693 3703 temporibus
714 3618 885 3683 secundum
909 3619 1169 3685 ministrationem
1192 3619 1301 3696 Verbi,
1322 3621 1376 3706 qui

223 3728 273 3785 est
287 3721 442 3804 perfectus
456 3720 489 3784 in
500 3721 653 3798 omnibus,
670 3721 816 3806 quoniam
830 3719 970 3785 Verbum
983 3730 1104 3807 potens,
1120 3730 1153 3786 et
1167 3723 1264 3787 homo
1274 3744 1376 3802 verus,

234 3924 238 3934 .
272 3883 352 3933 ¹A1t.
365 3884 463 3947 accipie,
475 3885 577 3949 adjicies.
825 3886 923 3934 tuation
942 3886 1059 3935 followed.
1072 3903 1197 3951 preservee
1215 3888 1258 3936 the
1275 3887 1376 3951 pamllel

272 3963 350 4025 'rrae
369 3973 484 4026 nostwet,
504 3965 633 4015 omitted'
625 3983 652 4015 m
668 3967 711 4015 the
728 3967 772 4016 Cn.
825 3967 889 4015 flou.
929 3967 999 4020 'lhe
1004 3968 1087 4016 clause
1108 3985 1125 4016 c
1143 3969 1375 4032 perfecto....bouo,

224 4048 282 4098 MS
825 4063 932 4096 answers
945 4054 978 4107 to,
996 4055 1016 4096 et
1034 4049 1064 4097 ud
1078 4064 1127 4099 σο..
1135 4050 1215 4112 ‚faeti
1227 4051 1272 4100 the
1289 4068 1377 4116 paren·

271 4128 282 4161 ³
298 4143 365 4178 ιιιιιισ
375 4144 460 4191 nuper,
468 4129 561 4194 simply
569 4131 631 4192 lpse,
640 4143 694 4193 294,
701 4130 718 4178 l.
728 4130 772 4178 ult.
825 4130 901 4178 thesis
912 4128 1048 4194 mterrnpts
1056 4131 1099 4178 the
1109 4133 1286 4192 construction,
1296 4135 1377 4183 which

214 4193 223 4201 ’
237 4209 484 4269 *ἀπδμόνοοτου
472 4211 654 4272 χρηστσῦκσὶ
665 4212 766 4272 ἀγαθοῦ.
824 4210 846 4258 ir
868 4211 1009 4259 resumed'
1003 4228 1029 4260 m
1050 4214 1255 4277 recapitulation,
1270 4214 1376 4277 sear..

237 4330 242 4339 .
272 4332 275 4337 .
272 4291 400 4340 'initium
414 4292 529 4354 sectura,
554 4308 582 4340 ns
600 4292 720 4340 emar
713 4308 773 4340 rmn-
819 4291 935 4355 factura,
959 4294 1032 4342 when
1053 4295 1097 4342 the
1120 4295 1247 4358 predicate
1272 4291 1383 4358 follows,

222 4374 292 4437 gines
311 4375 412 4435 ἀπαρχὴ
429 4376 473 4423 τοῦ
494 4375 633 4434 κτίσματος,
652 4374 775 4423 reference
825 4374 967 4436 accepimus,
990 4376 1033 4425 dec.
1068 4376 1164 4425 Gneus
1185 4377 1219 4441 by
1240 4378 1341 4442 placing
1362 4395 1379 4428 s

222 4455 298 4518 being
318 4455 390 4513 made
410 4461 438 4504 tc
460 4456 485 4504 st
504 4456 591 4504 Jsmes
611 4456 628 4506 i.
645 4457 681 4506 18.
722 4456 775 4505 The
824 4455 1052 4519 thllstopatboeo,
1073 4458 1122 4506 and
1134 4458 1377 4510 Mussumstccci·

223 4539 392 4585 construction
408 4538 429 4585 is
446 4537 571 4598 involved,
583 4537 630 4586 but
645 4539 687 4587 the
699 4554 776 4603 punc·
822 4535 921 4600 picum,
936 4537 1190 4602 effectually-ohscure
1197 4540 1240 4588 the
1251 4540 1328 4590 sense.
