3000 4994
574 333 676 386 orons
699 332 819 386 muer.
1205 313 1272 379 349

122 490 184 548 est:
208 483 254 550 Et
271 484 335 549 tec
353 484 475 571 quidam
485 484 618 571 futatim·
641 483 746 550 aaut
708 508 728 549 α
748 484 808 549 luti
826 484 904 563 estis,
923 485 978 549 sed
994 482 1175 566 candificat
1194 481 1272 558 edic,
1286 497 1436 583 ¹35¹&

121 586 177 651 sod
191 587 356 671 justificati
377 589 446 652 estio
467 589 502 652 iu
523 588 643 652 coruino
662 587 792 651 Domini
812 588 907 652 codri
934 587 1010 651 Jcsu
1034 585 1214 664 Christi&
1186 592 1214 647 ot
1238 583 1273 646 iu
1287 589 1400 674 ΜΨ-
1407 589 1436 629 ¹¹

122 689 248 776 Spiritu
262 690 326 753 Dei
339 691 445 756 nostra
490 690 622 772 Quando
640 689 736 777 igitur
753 688 943 775 portavimus
957 689 1126 776 imaginem
1137 687 1206 773 ejus
1220 684 1274 773 qui
1287 712 1436 724 --

122 801 171 858 est
187 794 226 858 de
239 793 334 858 limol
357 794 482 860 Scilicet
494 795 617 880 quando
633 795 699 858 ¹hae
711 816 781 880 quae
796 793 952 880 praedictae
967 800 1040 858 sunt
1055 790 1158 858 carnis
1168 813 1273 877 opera

122 896 234 975 tiones,
256 897 494 984 perficiebantur
512 897 545 961 in
565 897 666 963 uobis.
711 897 843 979 Quando
857 905 964 961 autem
978 895 1092 960 iterum
1105 894 1274 981 imaginem

123 1000 280 1066 coelestisl
325 1001 452 1065 Scilicet
475 1001 598 1086 quando
621 1000 677 1078 ait,
704 1000 814 1066 Attuli
834 1001 901 1065 ostio
918 999 1079 1064 credentes
1098 998 1131 1063 in
1150 998 1275 1063 nomine

124 1103 262 1181 Domini,
283 1111 316 1168 et
333 1102 521 1188 accipientes
536 1104 604 1189 ejus
620 1103 781 1190 Spiritum.
826 1102 955 1167 ²Abluti
969 1110 1075 1191 autem
1090 1123 1198 1167 sumus
1212 1123 1275 1166 non

123 1206 330 1274 substantiam
356 1205 503 1292 corporis,
527 1229 629 1292 neque
652 1207 819 1294 imaginem
839 1205 1011 1293 plasmatis,
1034 1205 1090 1271 sed
1113 1204 1275 1292 pristinam

123 1310 270 1377 vanitatis
284 1309 558 1376 conversationem.

607 1581 701 1681 ιαφ.
728 1583 786 1669 α’.

124 1756 185 1832 Dc
210 1755 421 1855 dfflmeotiu
444 1755 571 1832 mortis
596 1769 629 1830 et
653 1756 744 1845 nitu,
773 1756 921 1854 afflatus
947 1755 1028 1831 uitoe
1052 1769 1085 1847 et
1109 1755 1277 1855 Spiritus

200 1875 441 1973 vivificantis.-
479 1887 511 1950 et
539 1872 717 1974 quoruoolo
748 1874 876 1950 eudem
905 1873 1108 1950 substantio
1138 1874 1277 1962 caru-is,

200 2020 279 2093 quta
295 2007 441 2069 mortuo
458 2005 517 2082 est,
537 1991 727 2068 renoscit.

153 2166 316 2237 ,3ὩΣ
362 2164 430 2266 γὰρ
478 2169 612 2265 φθορᾶς
649 2164 891 2248 ἕπιδεκτικῆ“
876 2199 893 2248 η
940 2139 1117 2266 σαρξὟ
1078 2197 1180 2243 ουτως
1223 2165 1416 2268 scalforus

127 2281 330 2380 ἀφθαρσίας·
353 2280 407 2350 καὶ
428 2283 468 2355 ὡς
486 2275 697 2362 θανᾶτου,”
660 2310 761 2355 ουτως
777 2310 830 2349 και
817 2277 989 2379 ζωῆς..
1004 2310 1077 2349 ,και
1068 2279 1277 2379 ἆμφᾶτερα
1290 2228 1416 2361 {¹3¹¹AE

129 2394 166 2464 ου’
191 2394 275 2477 μένει
306 2390 394 2464 κατὰ
421 2390 465 2464 τὸ
490 2389 582 2475 αὐτὸ,
614 2392 694 2461 ἀλλ’
718 2389 955 2485 ἐξωθεῖται
917 2423 959 2464 το
985 2392 1100 2491 ἕτερον
1130 2390 1194 2462 ὑπὸ
1218 2397 1281 2463 τοῦ

129 2508 251 2607 ἑτέρου,
276 2506 329 2576 καὶ
358 2506 525 2604 παρόντος
551 2510 613 2575 τοῦ
638 2505 752 2603 ἑτέρου
778 2504 957 2603 ἆναιρεῐται
983 2503 1025 2576 τὸ
1054 2505 1179 2602 ἕτερον.
1230 2503 1280 2574 Ei

129 2617 183 2690 οὖν
210 2621 228 2689 ὁ
253 2615 394 2693 θάνατος
420 2619 643 2716 ἐπικρατήσας
665 2622 728 2689 τοῦ
753 2617 926 2716 ἀνθρώπου
951 2615 1070 2711 ἔξωσεν
1097 2617 1198 2688 αὐτοῦ
1218 2616 1279 2699 σὴν

130 2730 221 2831 ζωὴν,
243 2728 296 2799 καὶ
327 2727 438 2828 νεκρὸν
463 2728 624 2824 ἀπέδειξε·
660 2732 781 2819 πολλῷ
805 2733 939 2813 μᾶλλον
967 2734 985 2811 ἦ
1013 2727 1076 2829 ζωὴ
1101 2730 1279 2828 ἐπικρατή-

11 2864 107 2912 ΜΜ
128 2874 221 2914 σασα
242 2842 344 2914 αὐτοῦ
358 2842 543 2915 ἀπωθεῖται
568 2841 630 2914 τὸν
654 2839 806 2927 θάνατον,
824 2842 877 2913 καὶ
896 2840 1004 2943 ζῶντα
1025 2840 1085 2913 τὸν
1105 2840 1278 2941 ἄνθρωπον

593 3067 695 3134 OAP.
719 3066 805 3132 XII.

194 3226 224 3287 1.
267 3220 309 3284 Iu
325 3219 438 3307 quibus
456 3219 553 3307 igitur
572 3220 767 3307 periebamus
788 3222 944 3302 membris,
965 3231 1128 3311 operantes
1149 3246 1188 3291 ea
1209 3246 1279 3311 quae

128 3334 201 3391 sunt
213 3323 405 3410 corruptelae,
416 3323 448 3387 in
463 3322 574 3387 iisdem
587 3323 665 3409 ipsis
678 3324 878 3405 vivificamur,
889 3335 1053 3412 operantes
1068 3349 1190 3415 eaquae
1205 3338 1280 3394 sunt

130 3429 275 3512 Spiritus.
320 3425 587 3508 Quemadmodum
606 3425 689 3491 enim
703 3428 885 3513 corruptelae
906 3438 955 3494 ost
969 3451 1068 3517 capax
1083 3453 1164 3510 caro,
1187 3431 1279 3498 sicet

128 3528 359 3612 incorruptelam
384 3536 416 3593 et
430 3528 689 3615 quemadmodum
703 3531 823 3610 mortis,
843 3531 889 3597 sic
904 3541 937 3597 et
950 3533 1032 3598 vitae.
1072 3531 1153 3598 Haec
1173 3542 1280 3598 autem

129 3631 261 3696 invicem
276 3632 401 3710 cedunt,
421 3640 454 3697 et
468 3640 600 3719 utraque
614 3655 677 3698 non
697 3644 879 3720 permanent
896 3635 928 3699 in
943 3635 1087 3722 idipsum,
1108 3636 1163 3700 sed
1176 3635 1280 3721 expel-

133 3734 208 3799 litur
229 3734 360 3800 alterum
382 3737 423 3801 ab
450 3735 558 3815 altero,
582 3744 614 3801 et
634 3745 788 3823 praesente
809 3737 907 3803 altero
929 3737 1035 3802 interit
1055 3737 1197 3803 alterum.
1247 3737 1281 3803 Si

130 3839 225 3925 igitur
244 3861 329 3905 mors
348 3840 510 3927 possidens
530 3841 688 3906 hominem
706 3840 825 3927 expulit
838 3842 880 3906 ab
894 3864 932 3906 eo
946 3841 1053 3920 vitam,
1071 3851 1104 3907 et
1125 3851 1281 3910 mortuum

129 3943 282 4020 ostendit;
306 3944 406 4010 multo
427 3944 529 4032 magis
550 3946 614 4010 vita
634 3944 796 4031 possidens
815 3944 976 4009 hominem
994 3944 1120 4029 expellit
1137 3953 1280 4026 mortem,

179 4140 188 4173 ¹
206 4141 252 4191 Cn.
271 4141 322 4202 hoc,
346 4143 483 4207 indicating
498 4144 605 4208 perhaps
620 4141 678 4202 loec,
781 4139 792 4173 ⁸
809 4141 870 4191 Hoec
893 4140 977 4191 uruca
994 4156 1067 4203 usum
1083 4141 1119 4190 ud
1134 4141 1183 4191 iata
1201 4143 1282 4194 uscia

129 4223 179 4271 and
195 4224 220 4271 in
232 4223 275 4272 the
292 4223 396 4287 original
412 4226 471 4274 τάδε
487 4226 519 4274 τὰ
535 4227 578 4286 τῆς
595 4224 681 4287 σαρκὸς
730 4223 808 4285 mua,
826 4226 875 4274 tro
892 4222 981 4273 παντὸς
997 4227 1134 4287 προσώπου,
1154 4225 1240 4276 Qum
1254 4243 1283 4278 ea

129 4305 286 4367 προειρημένα
297 4305 364 4367 ἔργα.
730 4305 846 4354 Damaso.
869 4304 987 4354 Purattu.
1008 4304 1129 4368 ἅιιαιΐμα
1147 4308 1282 4371 publicauit

178 4384 281 4435 ’abluti
293 4400 383 4445 eumue,
398 4402 425 4435 aa
442 4387 484 4436 the
496 4386 579 4436 Greek
589 4384 681 4435 middle
730 4386 875 4437 Belloi-ciue
895 4388 924 4437 iu
951 4387 1007 4437 Vita
1029 4388 1119 4438 Ircnoei
1140 4406 1200 4454 pap.
1225 4407 1280 4458 494.

129 4466 205 4527 voice,
218 4468 414 4528 ἁπελουσάμιθα,
426 4467 476 4516 and
487 4468 513 4517 in
524 4484 540 4518 a
550 4466 681 4518 transitive
731 4468 834 4520 Gaul.

130 4561 207 4598 senso.

230 4654 304 4700 von.
324 4654 360 4699 ιι.
1141 4643 1193 4704 ‘t‘t
