<?xml version="1.0" encoding="UTF-8"?>
<!DOCTYPE html PUBLIC "-//W3C//DTD XHTML 1.0 Transitional//EN"
    "http://www.w3.org/TR/xhtml1/DTD/xhtml1-transitional.dtd">
<html xmlns="http://www.w3.org/1999/xhtml" xml:lang="en" lang="en">
 <head>
  <title>
</title>
<meta http-equiv="Content-Type" content="text/html;charset=utf-8" />
  <meta name='ocr-system' content='tesseract 3.04.00' />
  <meta name='ocr-capabilities' content='ocr_page ocr_carea ocr_par ocr_line ocrx_word'/>
</head>
<body>
  <div class='ocr_page' id='page_1' title='image "./sanctiirenaeiep00harvgoog_0293.png"; bbox 0 0 3000 4994; ppageno 0'>
   <div class='ocr_carea' id='block_1_1' title="bbox 262 463 1008 528">
    <p class='ocr_par' dir='ltr' id='par_1_1' title="bbox 262 463 1008 528">
     <span class='ocr_line' id='line_1_1' title="bbox 262 463 1008 528; baseline -0.004 -1"><span class='ocrx_word' id='word_1_1' title='bbox 262 463 327 528; x_wconf 81' lang='lat'><strong>282</strong></span> <span class='ocrx_word' id='word_1_2' title='bbox 658 473 784 527; x_wconf 79' lang='lat' dir='ltr'><strong>orrum</strong></span> <span class='ocrx_word' id='word_1_3' title='bbox 811 473 863 526; x_wconf 78' lang='lat' dir='ltr'><strong>sn</strong></span> <span class='ocrx_word' id='word_1_4' title='bbox 888 472 1008 525; x_wconf 82' lang='lat' dir='ltr'><strong>numo</strong></span> 
     </span>
    </p>
   </div>
   <div class='ocr_carea' id='block_1_2' title="bbox 112 624 1417 925">
    <p class='ocr_par' dir='ltr' id='par_1_2' title="bbox 112 624 1417 925">
     <span class='ocr_line' id='line_1_2' title="bbox 125 624 1415 714; baseline -0.004 -21"><span class='ocrx_word' id='word_1_5' title='bbox 125 652 178 693; x_wconf 84' lang='lat' dir='ltr'><strong>ma</strong></span> <span class='ocrx_word' id='word_1_6' title='bbox 186 652 225 694; x_wconf 91' lang='lat' dir='ltr'><strong>1v.</strong></span> <span class='ocrx_word' id='word_1_7' title='bbox 261 630 339 696; x_wconf 77' lang='lat' dir='ltr'><strong>lboe</strong></span> <span class='ocrx_word' id='word_1_8' title='bbox 359 636 409 695; x_wconf 86' lang='lat' dir='ltr'><strong>est</strong></span> <span class='ocrx_word' id='word_1_9' title='bbox 430 627 515 694; x_wconf 89' lang='lat' dir='ltr'><strong>enim</strong></span> <span class='ocrx_word' id='word_1_10' title='bbox 535 628 751 693; x_wconf 87' lang='lat' dir='ltr'><strong>indumentum</strong></span> <span class='ocrx_word' id='word_1_11' title='bbox 772 628 962 714; x_wconf 75' lang='lat' dir='ltr'>nuptiarum,</span> <span class='ocrx_word' id='word_1_12' title='bbox 978 628 1017 692; x_wconf 90' lang='lat' dir='ltr'><strong>de</strong></span> <span class='ocrx_word' id='word_1_13' title='bbox 1036 649 1099 713; x_wconf 91' lang='lat' dir='ltr'><strong>quo</strong></span> <span class='ocrx_word' id='word_1_14' title='bbox 1113 635 1146 692; x_wconf 90' lang='lat' dir='ltr'><strong>et</strong></span> <span class='ocrx_word' id='word_1_15' title='bbox 1161 625 1336 711; x_wconf 72' lang='lat' dir='ltr'><strong>Apostolus</strong></span> <span class='ocrx_word' id='word_1_16' title='bbox 1349 624 1415 689; x_wconf 79' lang='lat' dir='ltr'><strong>ait:</strong></span> 
     </span>
     <span class='ocr_line' id='line_1_3' title="bbox 125 700 1417 832; baseline -0.004 -35"><span class='ocrx_word' id='word_1_17' title='bbox 125 700 220 832; x_wconf 45' lang='lat' dir='ltr'><strong>iffi</strong></span> <span class='ocrx_word' id='word_1_18' title='bbox 263 734 417 799; x_wconf 81' lang='lat' dir='ltr'><strong>Nolumus</strong></span> <span class='ocrx_word' id='word_1_19' title='bbox 437 732 613 817; x_wconf 67' lang='lat' dir='ltr'><strong>wspolimi,</strong></span> <span class='ocrx_word' id='word_1_20' title='bbox 636 732 690 797; x_wconf 83' lang='lat' dir='ltr'><strong>sed</strong></span> <span class='ocrx_word' id='word_1_21' title='bbox 709 731 901 819; x_wconf 71' lang='lat' dir='ltr'><strong>superindui,</strong></span> <span class='ocrx_word' id='word_1_22' title='bbox 926 733 974 797; x_wconf 82' lang='lat' dir='ltr'><strong>eti</strong></span> <span class='ocrx_word' id='word_1_23' title='bbox 994 731 1191 797; x_wconf 80' lang='lat' dir='ltr'><strong>absorbeatur</strong></span> <span class='ocrx_word' id='word_1_24' title='bbox 1210 729 1339 794; x_wconf 82' lang='lat' dir='ltr'><strong>mortale</strong></span> <span class='ocrx_word' id='word_1_25' title='bbox 1360 728 1417 793; x_wconf 67' lang='grc' dir='ltr'><strong>2αὖ</strong></span> 
     </span>
     <span class='ocr_line' id='line_1_4' title="bbox 112 832 1416 925; baseline -0.003 -24"><span class='ocrx_word' id='word_1_26' title='bbox 112 836 238 925; x_wconf 41' lang='lat' dir='ltr'><strong>Q}</strong></span> <span class='ocrx_word' id='word_1_27' title='bbox 263 836 504 902; x_wconf 83' lang='lat' dir='ltr'><strong>immortalitate.</strong></span> <span class='ocrx_word' id='word_1_28' title='bbox 549 834 611 917; x_wconf 77' lang='lat' dir='ltr'><strong>Qui</strong></span> <span class='ocrx_word' id='word_1_29' title='bbox 632 843 740 900; x_wconf 82' lang='lat' dir='ltr'><strong>sutem</strong></span> <span class='ocrx_word' id='word_1_30' title='bbox 761 836 864 901; x_wconf 91' lang='lat' dir='ltr'><strong>vocati</strong></span> <span class='ocrx_word' id='word_1_31' title='bbox 885 836 1011 922; x_wconf 93' lang='lat' dir='ltr'><strong>quidem</strong></span> <span class='ocrx_word' id='word_1_32' title='bbox 1032 844 1106 901; x_wconf 91' lang='lat' dir='ltr'><strong>sunt</strong></span> <span class='ocrx_word' id='word_1_33' title='bbox 1129 837 1169 900; x_wconf 90' lang='lat' dir='ltr'><strong>ad</strong></span> <span class='ocrx_word' id='word_1_34' title='bbox 1195 855 1318 900; x_wconf 83' lang='lat' dir='ltr'><strong>ooenam</strong></span> <span class='ocrx_word' id='word_1_35' title='bbox 1343 832 1416 910; x_wconf 89' lang='lat' dir='ltr'><strong>Dei,</strong></span> 
     </span>
    </p>
   </div>
   <div class='ocr_carea' id='block_1_3' title="bbox 97 936 1497 4321">
    <p class='ocr_par' dir='ltr' id='par_1_3' title="bbox 97 936 1493 2984">
     <span class='ocr_line' id='line_1_5' title="bbox 97 936 1418 1035; baseline -0.004 -31"><span class='ocrx_word' id='word_1_36' title='bbox 97 958 250 1035; x_wconf 53' lang='lat' dir='ltr'>W</span> <span class='ocrx_word' id='word_1_37' title='bbox 263 947 296 1004; x_wconf 92' lang='lat' dir='ltr'><strong>et</strong></span> <span class='ocrx_word' id='word_1_38' title='bbox 309 948 435 1025; x_wconf 86' lang='lat' dir='ltr'><strong>propter</strong></span> <span class='ocrx_word' id='word_1_39' title='bbox 449 938 564 1003; x_wconf 86' lang='lat' dir='ltr'><strong>malam</strong></span> <span class='ocrx_word' id='word_1_40' title='bbox 578 960 667 1003; x_wconf 90' lang='lat' dir='ltr'><strong>suam</strong></span> <span class='ocrx_word' id='word_1_41' title='bbox 682 938 948 1004; x_wconf 80' lang='lat' dir='ltr'><strong>conversationem</strong></span> <span class='ocrx_word' id='word_1_42' title='bbox 962 961 1025 1003; x_wconf 92' lang='lat' dir='ltr'><strong>non</strong></span> <span class='ocrx_word' id='word_1_43' title='bbox 1040 945 1243 1024; x_wconf 90' lang='lat' dir='ltr'><strong>perceperunt</strong></span> <span class='ocrx_word' id='word_1_44' title='bbox 1265 936 1418 1022; x_wconf 87' lang='lat' dir='ltr'><strong>Spiritum</strong></span> 
     </span>
     <span class='ocr_line' id='line_1_6' title="bbox 98 1041 1417 1137; baseline -0.004 -28"><span class='ocrx_word' id='word_1_45' title='bbox 98 1042 250 1137; x_wconf 54' lang='lat' dir='ltr'><strong>&amp;sfffilffl</strong></span> <span class='ocrx_word' id='word_1_46' title='bbox 263 1052 417 1121; x_wconf 88' lang='lat' dir='ltr'><strong>sanctum,</strong></span> <span class='ocrx_word' id='word_1_47' title='bbox 432 1043 648 1130; x_wconf 66' lang='lat' dir='ltr'><strong>projiciemur,</strong></span> <span class='ocrx_word' id='word_1_48' title='bbox 671 1041 783 1129; x_wconf 92' lang='lat' dir='ltr'><strong>inquit,</strong></span> <span class='ocrx_word' id='word_1_49' title='bbox 805 1041 998 1107; x_wconf 72' lang='lat' dir='ltr'><strong>interseras</strong></span> <span class='ocrx_word' id='word_1_50' title='bbox 1027 1042 1196 1107; x_wconf 81' lang='lat' dir='ltr'><strong>eeteriores.</strong></span> <span class='ocrx_word' id='word_1_51' title='bbox 1245 1041 1417 1105; x_wconf 79' lang='lat' dir='ltr'><strong>Manifeste</strong></span> 
     </span>
     <span class='ocr_line' id='line_1_7' title="bbox 97 1134 1417 1231; baseline -0.002 -21"><span class='ocrx_word' id='word_1_52' title='bbox 97 1134 219 1175; x_wconf 55' lang='lat' dir='ltr'><strong>mm</strong></span> <span class='ocrx_word' id='word_1_53' title='bbox 263 1146 455 1223; x_wconf 65' lang='lat' dir='ltr'><strong>&#39;ostendens</strong></span> <span class='ocrx_word' id='word_1_54' title='bbox 471 1144 555 1230; x_wconf 89' lang='lat' dir='ltr'><strong>quod</strong></span> <span class='ocrx_word' id='word_1_55' title='bbox 576 1143 659 1210; x_wconf 91' lang='lat' dir='ltr'><strong>idem</strong></span> <span class='ocrx_word' id='word_1_56' title='bbox 681 1145 749 1231; x_wconf 91' lang='lat' dir='ltr'><strong>ipse</strong></span> <span class='ocrx_word' id='word_1_57' title='bbox 766 1167 832 1223; x_wconf 88' lang='lat' dir='ltr'><strong>rex,</strong></span> <span class='ocrx_word' id='word_1_58' title='bbox 848 1143 901 1230; x_wconf 93' lang='lat' dir='ltr'><strong>qui</strong></span> <span class='ocrx_word' id='word_1_59' title='bbox 923 1144 1138 1209; x_wconf 67' lang='lat' dir='ltr'><strong>convocaverit</strong></span> <span class='ocrx_word' id='word_1_60' title='bbox 1157 1143 1293 1228; x_wconf 90' lang='lat' dir='ltr'><strong>undique</strong></span> <span class='ocrx_word' id='word_1_61' title='bbox 1309 1141 1417 1208; x_wconf 88' lang='lat' dir='ltr'><strong>fideles</strong></span> 
     </span>
     <span class='ocr_line' id='line_1_8' title="bbox 262 1244 1417 1334; baseline -0.003 -22"><span class='ocrx_word' id='word_1_62' title='bbox 262 1247 304 1312; x_wconf 88' lang='lat' dir='ltr'><strong>ad</strong></span> <span class='ocrx_word' id='word_1_63' title='bbox 322 1249 448 1334; x_wconf 89' lang='lat' dir='ltr'><strong>nuptias</strong></span> <span class='ocrx_word' id='word_1_64' title='bbox 466 1246 540 1311; x_wconf 89' lang='lat' dir='ltr'>Filii</span> <span class='ocrx_word' id='word_1_65' title='bbox 560 1246 621 1323; x_wconf 88' lang='lat' dir='ltr'><strong>sui,</strong></span> <span class='ocrx_word' id='word_1_66' title='bbox 636 1254 669 1312; x_wconf 91' lang='lat' dir='ltr'><strong>et</strong></span> <span class='ocrx_word' id='word_1_67' title='bbox 684 1246 916 1332; x_wconf 82' lang='lat' dir='ltr'><strong>incorruptibile</strong></span> <span class='ocrx_word' id='word_1_68' title='bbox 930 1245 1105 1312; x_wconf 86' lang='lat' dir='ltr'><strong>convivium</strong></span> <span class='ocrx_word' id='word_1_69' title='bbox 1120 1244 1290 1322; x_wconf 88' lang='lat' dir='ltr'><strong>donaverit,</strong></span> <span class='ocrx_word' id='word_1_70' title='bbox 1305 1245 1417 1330; x_wconf 85' lang='lat' dir='ltr'><strong>jubent</strong></span> 
     </span>
     <span class='ocr_line' id='line_1_9' title="bbox 262 1348 1493 1434; baseline -0.002 -20"><span class='ocrx_word' id='word_1_71' title='bbox 262 1350 347 1416; x_wconf 90' lang='lat' dir='ltr'><strong>mitti</strong></span> <span class='ocrx_word' id='word_1_72' title='bbox 376 1351 409 1415; x_wconf 91' lang='lat' dir='ltr'><strong>in</strong></span> <span class='ocrx_word' id='word_1_73' title='bbox 437 1351 584 1416; x_wconf 74' lang='lat' dir='ltr'><strong>tenebras</strong></span> <span class='ocrx_word' id='word_1_74' title='bbox 605 1349 775 1415; x_wconf 81' lang='lat' dir='ltr'><strong>exteriores</strong></span> <span class='ocrx_word' id='word_1_75' title='bbox 796 1371 878 1426; x_wconf 92' lang='lat' dir='ltr'><strong>eum,</strong></span> <span class='ocrx_word' id='word_1_76' title='bbox 906 1349 958 1434; x_wconf 93' lang='lat' dir='ltr'><strong>qui</strong></span> <span class='ocrx_word' id='word_1_77' title='bbox 988 1370 1051 1412; x_wconf 90' lang='lat' dir='ltr'><strong>non</strong></span> <span class='ocrx_word' id='word_1_78' title='bbox 1076 1348 1171 1413; x_wconf 92' lang='lat' dir='ltr'><strong>habet</strong></span> <span class='ocrx_word' id='word_1_79' title='bbox 1200 1348 1417 1412; x_wconf 90' lang='lat' dir='ltr'><strong>indumentum</strong></span> <span class='ocrx_word' id='word_1_80' title='bbox 1430 1360 1461 1400; x_wconf 72' lang='lat' dir='ltr'><strong>ss·</strong></span> <span class='ocrx_word' id='word_1_81' title='bbox 1484 1368 1493 1393; x_wconf 39' lang='lat'><strong>&#39;³</strong></span> 
     </span>
     <span class='ocr_line' id='line_1_10' title="bbox 262 1450 1418 1538; baseline 0.001 -23"><span class='ocrx_word' id='word_1_82' title='bbox 262 1453 450 1538; x_wconf 79' lang='lat' dir='ltr'><strong>nuptiarum,</strong></span> <span class='ocrx_word' id='word_1_83' title='bbox 465 1452 599 1530; x_wconf 83' lang='lat' dir='ltr'><strong>honest,</strong></span> <span class='ocrx_word' id='word_1_84' title='bbox 615 1458 850 1516; x_wconf 89' lang='lat' dir='ltr'><strong>contemtorem.</strong></span> <span class='ocrx_word' id='word_1_85' title='bbox 886 1450 1154 1534; x_wconf 73' lang='lat' dir='ltr'><strong>Quemadmodum</strong></span> <span class='ocrx_word' id='word_1_86' title='bbox 1169 1450 1253 1514; x_wconf 87' lang='lat' dir='ltr'><strong>enim</strong></span> <span class='ocrx_word' id='word_1_87' title='bbox 1268 1450 1418 1536; x_wconf 87' lang='lat' dir='ltr'><strong>inpriore</strong></span> 
     </span>
     <span class='ocr_line' id='line_1_11' title="bbox 122 1556 1418 1645; baseline -0.002 -20"><span class='ocrx_word' id='word_1_88' title='bbox 122 1568 194 1645; x_wconf 54' lang='lat'><strong>,¹3¹¹-</strong></span> <span class='ocrx_word' id='word_1_89' title='bbox 264 1561 468 1627; x_wconf 82' lang='lat' dir='ltr'><strong>Testamento</strong></span> <span class='ocrx_word' id='word_1_90' title='bbox 489 1581 549 1624; x_wconf 81' lang='lat' dir='ltr'><strong>nou</strong></span> <span class='ocrx_word' id='word_1_91' title='bbox 565 1560 601 1624; x_wconf 83' lang='lat' dir='ltr'><strong>iu</strong></span> <span class='ocrx_word' id='word_1_92' title='bbox 621 1559 726 1625; x_wconf 85' lang='lat' dir='ltr'><strong>multis</strong></span> <span class='ocrx_word' id='word_1_93' title='bbox 746 1559 869 1624; x_wconf 81' lang='lat' dir='ltr'><strong>illorum</strong></span> <span class='ocrx_word' id='word_1_94' title='bbox 892 1558 962 1624; x_wconf 79' lang='lat' dir='ltr'><strong>beree</strong></span> <span class='ocrx_word' id='word_1_95' title='bbox 986 1559 1092 1632; x_wconf 60' lang='lat' dir='ltr'><strong>seruit·</strong></span> <span class='ocrx_word' id='word_1_96' title='bbox 1123 1557 1226 1622; x_wconf 89' lang='lat' dir='ltr'><strong>sicet</strong></span> <span class='ocrx_word' id='word_1_97' title='bbox 1251 1556 1303 1621; x_wconf 91' lang='lat' dir='ltr'><strong>hic</strong></span> <span class='ocrx_word' id='word_1_98' title='bbox 1326 1556 1418 1622; x_wconf 63' lang='lat' dir='ltr'><strong>erudi</strong></span> 
     </span>
     <span class='ocr_line' id='line_1_12' title="bbox 263 1659 1418 1749; baseline -0.003 -20"><span class='ocrx_word' id='word_1_99' title='bbox 263 1663 372 1742; x_wconf 86' lang='lat' dir='ltr'><strong>ooeoti,</strong></span> <span class='ocrx_word' id='word_1_100' title='bbox 385 1664 485 1749; x_wconf 81' lang='lat' dir='ltr'><strong>pauci</strong></span> <span class='ocrx_word' id='word_1_101' title='bbox 505 1666 594 1727; x_wconf 83' lang='lat' dir='ltr'><strong>⁸cero</strong></span> <span class='ocrx_word' id='word_1_102' title='bbox 615 1662 710 1726; x_wconf 73' lang='lat' dir='ltr'><strong>eladi.</strong></span> <span class='ocrx_word' id='word_1_103' title='bbox 757 1661 830 1727; x_wconf 92' lang='lat' dir='ltr'><strong>Non</strong></span> <span class='ocrx_word' id='word_1_104' title='bbox 843 1662 924 1726; x_wconf 87' lang='lat' dir='ltr'><strong>nlius</strong></span> <span class='ocrx_word' id='word_1_105' title='bbox 938 1661 1033 1749; x_wconf 84' lang='lat' dir='ltr'><strong>igitur</strong></span> <span class='ocrx_word' id='word_1_106' title='bbox 1050 1661 1103 1746; x_wconf 91' lang='lat' dir='ltr'><strong>qui</strong></span> <span class='ocrx_word' id='word_1_107' title='bbox 1122 1660 1243 1746; x_wconf 86' lang='lat' dir='ltr'><strong>judicet</strong></span> <span class='ocrx_word' id='word_1_108' title='bbox 1263 1659 1361 1739; x_wconf 85' lang='lat' dir='ltr'><strong>Deus,</strong></span> <span class='ocrx_word' id='word_1_109' title='bbox 1384 1667 1418 1726; x_wconf 89' lang='lat' dir='ltr'><strong>et</strong></span> 
     </span>
     <span class='ocr_line' id='line_1_13' title="bbox 262 1763 1416 1852; baseline -0.003 -21"><span class='ocrx_word' id='word_1_110' title='bbox 262 1766 344 1831; x_wconf 88' lang='lat' dir='ltr'><strong>alius</strong></span> <span class='ocrx_word' id='word_1_111' title='bbox 368 1765 422 1852; x_wconf 91' lang='lat' dir='ltr'><strong>qui</strong></span> <span class='ocrx_word' id='word_1_112' title='bbox 446 1773 598 1831; x_wconf 87' lang='lat' dir='ltr'><strong>convocat</strong></span> <span class='ocrx_word' id='word_1_113' title='bbox 623 1765 665 1829; x_wconf 90' lang='lat' dir='ltr'><strong>ad</strong></span> <span class='ocrx_word' id='word_1_114' title='bbox 687 1764 821 1830; x_wconf 86' lang='lat' dir='ltr'><strong>salutem</strong></span> <span class='ocrx_word' id='word_1_115' title='bbox 849 1765 961 1830; x_wconf 80' lang='lat' dir='ltr'><strong>Peter:</strong></span> <span class='ocrx_word' id='word_1_116' title='bbox 995 1786 1054 1830; x_wconf 91' lang='lat' dir='ltr'><strong>nec</strong></span> <span class='ocrx_word' id='word_1_117' title='bbox 1082 1764 1162 1828; x_wconf 90' lang='lat' dir='ltr'><strong>alius</strong></span> <span class='ocrx_word' id='word_1_118' title='bbox 1190 1763 1334 1849; x_wconf 85' lang='lat' dir='ltr'><strong>³quidem</strong></span> <span class='ocrx_word' id='word_1_119' title='bbox 1362 1763 1416 1848; x_wconf 92' lang='lat' dir='ltr'><strong>qui</strong></span> 
     </span>
     <span class='ocr_line' id='line_1_14' title="bbox 262 1864 1417 1953; baseline -0.003 -20"><span class='ocrx_word' id='word_1_120' title='bbox 262 1876 415 1933; x_wconf 83' lang='lat' dir='ltr'><strong>aeternum</strong></span> <span class='ocrx_word' id='word_1_121' title='bbox 435 1867 541 1934; x_wconf 89' lang='lat' dir='ltr'><strong>lumen</strong></span> <span class='ocrx_word' id='word_1_122' title='bbox 558 1868 664 1945; x_wconf 89' lang='lat' dir='ltr'><strong>donat,</strong></span> <span class='ocrx_word' id='word_1_123' title='bbox 686 1866 766 1931; x_wconf 87' lang='lat' dir='ltr'><strong>alius</strong></span> <span class='ocrx_word' id='word_1_124' title='bbox 784 1888 856 1932; x_wconf 85' lang='lat' dir='ltr'><strong>vero</strong></span> <span class='ocrx_word' id='word_1_125' title='bbox 878 1866 930 1953; x_wconf 93' lang='lat' dir='ltr'><strong>qui</strong></span> <span class='ocrx_word' id='word_1_126' title='bbox 956 1867 1047 1952; x_wconf 87' lang='lat' dir='ltr'><strong>jubet</strong></span> <span class='ocrx_word' id='word_1_127' title='bbox 1076 1865 1110 1929; x_wconf 93' lang='lat' dir='ltr'><strong>in</strong></span> <span class='ocrx_word' id='word_1_128' title='bbox 1138 1864 1308 1930; x_wconf 86' lang='lat' dir='ltr'><strong>exteriores</strong></span> <span class='ocrx_word' id='word_1_129' title='bbox 1334 1864 1417 1930; x_wconf 88' lang='lat' dir='ltr'><strong>mitti</strong></span> 
     </span>
     <span class='ocr_line' id='line_1_15' title="bbox 262 1968 1417 2057; baseline -0.002 -21"><span class='ocrx_word' id='word_1_130' title='bbox 262 1972 409 2036; x_wconf 89' lang='lat' dir='ltr'><strong>tenebras</strong></span> <span class='ocrx_word' id='word_1_131' title='bbox 422 1992 476 2036; x_wconf 91' lang='lat' dir='ltr'><strong>cos</strong></span> <span class='ocrx_word' id='word_1_132' title='bbox 491 1970 544 2057; x_wconf 93' lang='lat' dir='ltr'><strong>qui</strong></span> <span class='ocrx_word' id='word_1_133' title='bbox 559 1993 623 2037; x_wconf 93' lang='lat' dir='ltr'><strong>non</strong></span> <span class='ocrx_word' id='word_1_134' title='bbox 636 1970 754 2036; x_wconf 88' lang='lat' dir='ltr'><strong>habent</strong></span> <span class='ocrx_word' id='word_1_135' title='bbox 776 1970 993 2035; x_wconf 86' lang='lat' dir='ltr'><strong>indumentum</strong></span> <span class='ocrx_word' id='word_1_136' title='bbox 1014 1969 1204 2056; x_wconf 90' lang='lat' dir='ltr'><strong>nuptiarum.</strong></span> <span class='ocrx_word' id='word_1_137' title='bbox 1251 1968 1314 2033; x_wconf 88' lang='lat' dir='ltr'><strong>Sed</strong></span> <span class='ocrx_word' id='word_1_138' title='bbox 1335 1989 1417 2034; x_wconf 88' lang='lat' dir='ltr'><strong>unus</strong></span> 
     </span>
     <span class='ocr_line' id='line_1_16' title="bbox 262 2071 1413 2160; baseline -0.002 -21"><span class='ocrx_word' id='word_1_139' title='bbox 262 2081 296 2139; x_wconf 90' lang='lat' dir='ltr'><strong>et</strong></span> <span class='ocrx_word' id='word_1_140' title='bbox 310 2073 392 2138; x_wconf 90' lang='lat' dir='ltr'><strong>idem</strong></span> <span class='ocrx_word' id='word_1_141' title='bbox 409 2073 497 2138; x_wconf 88' lang='lat' dir='ltr'><strong>Deus</strong></span> <span class='ocrx_word' id='word_1_142' title='bbox 512 2074 610 2139; x_wconf 91' lang='lat' dir='ltr'><strong>Pater</strong></span> <span class='ocrx_word' id='word_1_143' title='bbox 624 2073 754 2138; x_wconf 91' lang='lat' dir='ltr'><strong>Domini</strong></span> <span class='ocrx_word' id='word_1_144' title='bbox 768 2073 877 2151; x_wconf 88' lang='lat' dir='ltr'><strong>nostri,</strong></span> <span class='ocrx_word' id='word_1_145' title='bbox 892 2095 913 2138; x_wconf 87' lang='lat' dir='ltr'><strong>a</strong></span> <span class='ocrx_word' id='word_1_146' title='bbox 927 2096 989 2160; x_wconf 91' lang='lat' dir='ltr'><strong>quo</strong></span> <span class='ocrx_word' id='word_1_147' title='bbox 1004 2082 1036 2139; x_wconf 87' lang='lat' dir='ltr'><strong>et</strong></span> <span class='ocrx_word' id='word_1_148' title='bbox 1050 2073 1209 2158; x_wconf 82' lang='lat' dir='ltr'><strong>propbetae</strong></span> <span class='ocrx_word' id='word_1_149' title='bbox 1223 2071 1310 2136; x_wconf 90' lang='lat' dir='ltr'><strong>missi</strong></span> <span class='ocrx_word' id='word_1_150' title='bbox 1325 2079 1413 2137; x_wconf 89' lang='lat' dir='ltr'><strong>sunt:</strong></span> 
     </span>
     <span class='ocr_line' id='line_1_17' title="bbox 262 2176 1416 2263; baseline 0 -23"><span class='ocrx_word' id='word_1_151' title='bbox 262 2176 408 2263; x_wconf 86' lang='lat' dir='ltr'><strong>indignos</strong></span> <span class='ocrx_word' id='word_1_152' title='bbox 422 2176 547 2263; x_wconf 89' lang='lat' dir='ltr'><strong>quidem</strong></span> <span class='ocrx_word' id='word_1_153' title='bbox 561 2198 737 2242; x_wconf 85' lang='lat' dir='ltr'><strong>convocans</strong></span> <span class='ocrx_word' id='word_1_154' title='bbox 749 2184 878 2263; x_wconf 90' lang='lat' dir='ltr'><strong>propter</strong></span> <span class='ocrx_word' id='word_1_155' title='bbox 892 2176 1075 2241; x_wconf 85' lang='lat' dir='ltr'><strong>immensum</strong></span> <span class='ocrx_word' id='word_1_156' title='bbox 1092 2176 1336 2262; x_wconf 70' lang='lat' dir='ltr'><strong>benignitatem</strong></span> <span class='ocrx_word' id='word_1_157' title='bbox 1360 2196 1416 2240; x_wconf 85' lang='lat' dir='ltr'><strong>eos</strong></span> 
     </span>
     <span class='ocr_line' id='line_1_18' title="bbox 261 2278 1415 2366; baseline 0.001 -24"><span class='ocrx_word' id='word_1_158' title='bbox 261 2300 335 2344; x_wconf 87' lang='lat' dir='ltr'><strong>vero</strong></span> <span class='ocrx_word' id='word_1_159' title='bbox 357 2278 410 2364; x_wconf 91' lang='lat' dir='ltr'><strong>qui</strong></span> <span class='ocrx_word' id='word_1_160' title='bbox 431 2279 594 2344; x_wconf 86' lang='lat' dir='ltr'><strong>convocati</strong></span> <span class='ocrx_word' id='word_1_161' title='bbox 616 2288 691 2344; x_wconf 90' lang='lat' dir='ltr'><strong>sunt</strong></span> <span class='ocrx_word' id='word_1_162' title='bbox 707 2279 886 2366; x_wconf 85' lang='lat' dir='ltr'><strong>inspiciens,</strong></span> <span class='ocrx_word' id='word_1_163' title='bbox 908 2279 936 2343; x_wconf 89' lang='lat' dir='ltr'><strong>si</strong></span> <span class='ocrx_word' id='word_1_164' title='bbox 958 2279 1145 2345; x_wconf 89' lang='lat' dir='ltr'><strong>conveniens</strong></span> <span class='ocrx_word' id='word_1_165' title='bbox 1167 2279 1303 2343; x_wconf 76' lang='lat' dir='ltr'><strong>habeant</strong></span> <span class='ocrx_word' id='word_1_166' title='bbox 1326 2278 1415 2343; x_wconf 92' lang='lat' dir='ltr'><strong>indu·</strong></span> 
     </span>
     <span class='ocr_line' id='line_1_19' title="bbox 261 2381 1416 2470; baseline 0 -24"><span class='ocrx_word' id='word_1_167' title='bbox 261 2389 412 2461; x_wconf 88' lang='lat' dir='ltr'><strong>mentum,</strong></span> <span class='ocrx_word' id='word_1_168' title='bbox 434 2390 468 2447; x_wconf 89' lang='lat' dir='ltr'><strong>et</strong></span> <span class='ocrx_word' id='word_1_169' title='bbox 485 2404 662 2470; x_wconf 83' lang='lat' dir='ltr'><strong>congruens</strong></span> <span class='ocrx_word' id='word_1_170' title='bbox 689 2383 810 2469; x_wconf 87' lang='lat' dir='ltr'><strong>nuptiis</strong></span> <span class='ocrx_word' id='word_1_171' title='bbox 840 2382 914 2447; x_wconf 85' lang='lat' dir='ltr'><strong>Filii</strong></span> <span class='ocrx_word' id='word_1_172' title='bbox 940 2381 1008 2447; x_wconf 87' lang='lat' dir='ltr'><strong>sui:</strong></span> <span class='ocrx_word' id='word_1_173' title='bbox 1033 2382 1179 2467; x_wconf 86' lang='lat' dir='ltr'><strong>quoniam</strong></span> <span class='ocrx_word' id='word_1_174' title='bbox 1205 2382 1283 2445; x_wconf 92' lang='lat' dir='ltr'><strong>nihil</strong></span> <span class='ocrx_word' id='word_1_175' title='bbox 1310 2381 1416 2446; x_wconf 91' lang='lat' dir='ltr'><strong>incon·</strong></span> 
     </span>
     <span class='ocr_line' id='line_1_20' title="bbox 261 2484 1418 2572; baseline -0.001 -22"><span class='ocrx_word' id='word_1_176' title='bbox 261 2485 396 2563; x_wconf 86' lang='lat' dir='ltr'><strong>veniens,</strong></span> <span class='ocrx_word' id='word_1_177' title='bbox 418 2506 519 2572; x_wconf 88' lang='lat' dir='ltr'><strong>neque</strong></span> <span class='ocrx_word' id='word_1_178' title='bbox 539 2486 656 2550; x_wconf 91' lang='lat' dir='ltr'><strong>malum</strong></span> <span class='ocrx_word' id='word_1_179' title='bbox 673 2487 776 2571; x_wconf 86' lang='lat' dir='ltr'><strong>placet</strong></span> <span class='ocrx_word' id='word_1_180' title='bbox 792 2485 833 2553; x_wconf 88' lang='lat' dir='ltr'><strong>ei.</strong></span> <span class='ocrx_word' id='word_1_181' title='bbox 873 2484 1140 2567; x_wconf 77' lang='lat' dir='ltr'><strong>Quemadmodum</strong></span> <span class='ocrx_word' id='word_1_182' title='bbox 1160 2484 1315 2549; x_wconf 89' lang='lat' dir='ltr'><strong>Dominus</strong></span> <span class='ocrx_word' id='word_1_183' title='bbox 1337 2484 1418 2549; x_wconf 81' lang='lat' dir='ltr'><strong>dixit</strong></span> 
     </span>
     <span class='ocr_line' id='line_1_21' title="bbox 261 2588 1418 2676; baseline -0.002 -21"><span class='ocrx_word' id='word_1_184' title='bbox 261 2589 290 2655; x_wconf 89' lang='lat' dir='ltr'><strong>ei</strong></span> <span class='ocrx_word' id='word_1_185' title='bbox 306 2589 360 2676; x_wconf 91' lang='lat' dir='ltr'><strong>qui</strong></span> <span class='ocrx_word' id='word_1_186' title='bbox 375 2599 504 2656; x_wconf 76' lang='lat' dir='ltr'><strong>curatus</strong></span> <span class='ocrx_word' id='word_1_187' title='bbox 518 2591 637 2656; x_wconf 81' lang='lat' dir='ltr'><strong>lueret:</strong></span> <span class='ocrx_word' id='word_1_188' title='bbox 661 2590 750 2669; x_wconf 79' lang='lat' dir='ltr'><strong>Eece,</strong></span> <span class='ocrx_word' id='word_1_189' title='bbox 762 2611 856 2655; x_wconf 76' lang='lat' dir='ltr'><strong>serius</strong></span> <span class='ocrx_word' id='word_1_190' title='bbox 866 2592 976 2675; x_wconf 84' lang='lat' dir='ltr'><strong>fectus</strong></span> <span class='ocrx_word' id='word_1_191' title='bbox 990 2610 1038 2653; x_wconf 84' lang='lat' dir='ltr'><strong>es:</strong></span> <span class='ocrx_word' id='word_1_192' title='bbox 1055 2588 1127 2672; x_wconf 80' lang='lat' dir='ltr'><strong>jorn</strong></span> <span class='ocrx_word' id='word_1_193' title='bbox 1143 2589 1207 2653; x_wconf 79' lang='lat' dir='ltr'><strong>noli</strong></span> <span class='ocrx_word' id='word_1_194' title='bbox 1221 2610 1362 2674; x_wconf 79' lang='lat' dir='ltr'><strong>peecare,</strong></span> <span class='ocrx_word' id='word_1_195' title='bbox 1380 2610 1418 2653; x_wconf 83' lang='lat' dir='ltr'><strong>as</strong></span> 
     </span>
     <span class='ocr_line' id='line_1_22' title="bbox 261 2691 1415 2779; baseline -0.002 -22"><span class='ocrx_word' id='word_1_196' title='bbox 261 2693 341 2779; x_wconf 82' lang='lat' dir='ltr'><strong>quid</strong></span> <span class='ocrx_word' id='word_1_197' title='bbox 353 2693 488 2759; x_wconf 71' lang='lat' dir='ltr'><strong>dderius</strong></span> <span class='ocrx_word' id='word_1_198' title='bbox 502 2693 639 2775; x_wconf 81' lang='lat' dir='ltr'><strong>tiiifiet.</strong></span> <span class='ocrx_word' id='word_1_199' title='bbox 685 2693 746 2776; x_wconf 80' lang='lat' dir='ltr'><strong>Qui</strong></span> <span class='ocrx_word' id='word_1_200' title='bbox 761 2692 846 2757; x_wconf 89' lang='lat' dir='ltr'><strong>enim</strong></span> <span class='ocrx_word' id='word_1_201' title='bbox 859 2701 909 2758; x_wconf 89' lang='lat' dir='ltr'><strong>est</strong></span> <span class='ocrx_word' id='word_1_202' title='bbox 923 2693 1033 2769; x_wconf 90' lang='lat' dir='ltr'><strong>bonus,</strong></span> <span class='ocrx_word' id='word_1_203' title='bbox 1048 2700 1082 2757; x_wconf 93' lang='lat' dir='ltr'><strong>et</strong></span> <span class='ocrx_word' id='word_1_204' title='bbox 1092 2693 1207 2778; x_wconf 91' lang='lat' dir='ltr'><strong>justus,</strong></span> <span class='ocrx_word' id='word_1_205' title='bbox 1223 2698 1256 2756; x_wconf 92' lang='lat' dir='ltr'><strong>et</strong></span> <span class='ocrx_word' id='word_1_206' title='bbox 1270 2691 1415 2770; x_wconf 90' lang='lat' dir='ltr'><strong>mundus,</strong></span> 
     </span>
     <span class='ocr_line' id='line_1_23' title="bbox 261 2793 1418 2882; baseline -0.001 -21"><span class='ocrx_word' id='word_1_207' title='bbox 261 2803 295 2861; x_wconf 87' lang='lat' dir='ltr'><strong>et</strong></span> <span class='ocrx_word' id='word_1_208' title='bbox 320 2795 550 2876; x_wconf 86' lang='lat' dir='ltr'><strong>immaculatus,</strong></span> <span class='ocrx_word' id='word_1_209' title='bbox 578 2818 679 2882; x_wconf 86' lang='lat' dir='ltr'><strong>neque</strong></span> <span class='ocrx_word' id='word_1_210' title='bbox 704 2795 820 2860; x_wconf 87' lang='lat' dir='ltr'><strong>malum</strong></span> <span class='ocrx_word' id='word_1_211' title='bbox 843 2795 970 2881; x_wconf 79' lang='lat' dir='ltr'><strong>aliquid,</strong></span> <span class='ocrx_word' id='word_1_212' title='bbox 995 2815 1095 2880; x_wconf 92' lang='lat' dir='ltr'><strong>neque</strong></span> <span class='ocrx_word' id='word_1_213' title='bbox 1123 2793 1284 2879; x_wconf 89' lang='lat' dir='ltr'><strong>injustum,</strong></span> <span class='ocrx_word' id='word_1_214' title='bbox 1315 2816 1418 2879; x_wconf 88' lang='lat' dir='ltr'><strong>neque</strong></span> 
     </span>
     <span class='ocr_line' id='line_1_24' title="bbox 260 2897 1111 2984; baseline -0.004 -20"><span class='ocrx_word' id='word_1_215' title='bbox 260 2899 502 2964; x_wconf 89' lang='lat' dir='ltr'><strong>abominandum</strong></span> <span class='ocrx_word' id='word_1_216' title='bbox 514 2899 547 2964; x_wconf 92' lang='lat' dir='ltr'><strong>in</strong></span> <span class='ocrx_word' id='word_1_217' title='bbox 561 2921 619 2965; x_wconf 89' lang='lat' dir='ltr'><strong>suo</strong></span> <span class='ocrx_word' id='word_1_218' title='bbox 633 2898 770 2984; x_wconf 86' lang='lat' dir='ltr'><strong>sponsali</strong></span> <span class='ocrx_word' id='word_1_219' title='bbox 784 2898 922 2962; x_wconf 83' lang='lat' dir='ltr'><strong>tbslsmo</strong></span> <span class='ocrx_word' id='word_1_220' title='bbox 936 2897 1111 2961; x_wconf 91' lang='lat' dir='ltr'><strong>sustinebit.</strong></span> 
     </span>
    </p>

    <p class='ocr_par' dir='ltr' id='par_1_4' title="bbox 261 2999 1497 3396">
     <span class='ocr_line' id='line_1_25' title="bbox 328 2999 1417 3085; baseline -0.001 -19"><span class='ocrx_word' id='word_1_221' title='bbox 328 3006 360 3066; x_wconf 88' lang='lat'><strong>8.</strong></span> <span class='ocrx_word' id='word_1_222' title='bbox 405 3002 468 3066; x_wconf 86' lang='lat' dir='ltr'><strong>Est</strong></span> <span class='ocrx_word' id='word_1_223' title='bbox 488 3009 594 3067; x_wconf 87' lang='lat' dir='ltr'><strong>sutem</strong></span> <span class='ocrx_word' id='word_1_224' title='bbox 620 3001 672 3067; x_wconf 88' lang='lat' dir='ltr'><strong>hic</strong></span> <span class='ocrx_word' id='word_1_225' title='bbox 695 3001 793 3066; x_wconf 81' lang='lat' dir='ltr'><strong>Peter</strong></span> <span class='ocrx_word' id='word_1_226' title='bbox 816 2999 944 3065; x_wconf 90' lang='lat' dir='ltr'><strong>Domini</strong></span> <span class='ocrx_word' id='word_1_227' title='bbox 969 3000 1079 3077; x_wconf 89' lang='lat' dir='ltr'><strong>nostri,</strong></span> <span class='ocrx_word' id='word_1_228' title='bbox 1108 3000 1198 3084; x_wconf 87' lang='lat' dir='ltr'><strong>cujus</strong></span> <span class='ocrx_word' id='word_1_229' title='bbox 1223 2999 1417 3085; x_wconf 88' lang='lat' dir='ltr'><strong>providentia</strong></span> 
     </span>
     <span class='ocr_line' id='line_1_26' title="bbox 261 3102 1417 3190; baseline 0.001 -23"><span class='ocrx_word' id='word_1_230' title='bbox 261 3110 408 3167; x_wconf 72' lang='lat' dir='ltr'><strong>constant</strong></span> <span class='ocrx_word' id='word_1_231' title='bbox 436 3104 550 3181; x_wconf 87' lang='lat' dir='ltr'><strong>onmia,</strong></span> <span class='ocrx_word' id='word_1_232' title='bbox 586 3111 620 3168; x_wconf 92' lang='lat' dir='ltr'><strong>et</strong></span> <span class='ocrx_word' id='word_1_233' title='bbox 647 3104 739 3190; x_wconf 91' lang='lat' dir='ltr'><strong>jussu</strong></span> <span class='ocrx_word' id='word_1_234' title='bbox 767 3102 1025 3168; x_wconf 86' lang='lat' dir='ltr'><strong>administrantur</strong></span> <span class='ocrx_word' id='word_1_235' title='bbox 1047 3102 1166 3182; x_wconf 81' lang='lat' dir='ltr'><strong>omnia3</strong></span> <span class='ocrx_word' id='word_1_236' title='bbox 1197 3107 1252 3167; x_wconf 86' lang='lat' dir='ltr'><strong>⁴et</strong></span> <span class='ocrx_word' id='word_1_237' title='bbox 1277 3103 1417 3189; x_wconf 81' lang='lat' dir='ltr'><strong>gratuito</strong></span> 
     </span>
     <span class='ocr_line' id='line_1_27' title="bbox 262 3204 1497 3292; baseline 0 -24"><span class='ocrx_word' id='word_1_238' title='bbox 262 3204 387 3291; x_wconf 91' lang='lat' dir='ltr'><strong>quidem</strong></span> <span class='ocrx_word' id='word_1_239' title='bbox 402 3205 498 3270; x_wconf 88' lang='lat' dir='ltr'><strong>donat</strong></span> <span class='ocrx_word' id='word_1_240' title='bbox 513 3205 546 3269; x_wconf 91' lang='lat' dir='ltr'><strong>in</strong></span> <span class='ocrx_word' id='word_1_241' title='bbox 561 3229 639 3291; x_wconf 87' lang='lat' dir='ltr'><strong>quoe</strong></span> <span class='ocrx_word' id='word_1_242' title='bbox 654 3213 795 3291; x_wconf 77' lang='lat' dir='ltr'><strong>oportet3</strong></span> <span class='ocrx_word' id='word_1_243' title='bbox 818 3206 988 3271; x_wconf 91' lang='lat' dir='ltr'><strong>secundum</strong></span> <span class='ocrx_word' id='word_1_244' title='bbox 1010 3212 1117 3270; x_wconf 87' lang='lat' dir='ltr'><strong>sutem</strong></span> <span class='ocrx_word' id='word_1_245' title='bbox 1139 3207 1284 3271; x_wconf 90' lang='lat' dir='ltr'><strong>meritum</strong></span> <span class='ocrx_word' id='word_1_246' title='bbox 1298 3205 1417 3292; x_wconf 88' lang='lat' dir='ltr'><strong>dignis-</strong></span> <span class='ocrx_word' id='word_1_247' title='bbox 1431 3225 1456 3265; x_wconf 86' lang='lat' dir='ltr'><strong>o.</strong></span> <span class='ocrx_word' id='word_1_248' title='bbox 1465 3225 1497 3268; x_wconf 84' lang='lat' dir='ltr'><strong>sr</strong></span> 
     </span>
     <span class='ocr_line' id='line_1_28' title="bbox 262 3307 1418 3396; baseline 0.001 -23"><span class='ocrx_word' id='word_1_249' title='bbox 262 3307 340 3373; x_wconf 88' lang='lat' dir='ltr'><strong>sime</strong></span> <span class='ocrx_word' id='word_1_250' title='bbox 360 3307 519 3373; x_wconf 87' lang='lat' dir='ltr'><strong>distribuit</strong></span> <span class='ocrx_word' id='word_1_251' title='bbox 536 3309 684 3374; x_wconf 74' lang='lat' dir='ltr'><strong>adversus</strong></span> <span class='ocrx_word' id='word_1_252' title='bbox 701 3308 842 3396; x_wconf 81' lang='lat' dir='ltr'><strong>ingratos</strong></span> <span class='ocrx_word' id='word_1_253' title='bbox 861 3318 894 3374; x_wconf 90' lang='lat' dir='ltr'><strong>et</strong></span> <span class='ocrx_word' id='word_1_254' title='bbox 911 3331 975 3373; x_wconf 93' lang='lat' dir='ltr'><strong>non</strong></span> <span class='ocrx_word' id='word_1_255' title='bbox 996 3309 1169 3374; x_wconf 87' lang='lat' dir='ltr'><strong>sentientes</strong></span> <span class='ocrx_word' id='word_1_256' title='bbox 1189 3308 1418 3396; x_wconf 79' lang='lat' dir='ltr'><strong>benignitatem</strong></span> 
     </span>
    </p>

    <p class='ocr_par' dir='ltr' id='par_1_5' title="bbox 98 3410 1419 3600">
     <span class='ocr_line' id='line_1_29' title="bbox 98 3410 1419 3499; baseline 0 -22"><span class='ocrx_word' id='word_1_257' title='bbox 98 3434 248 3479; x_wconf 64' lang='lat' dir='ltr'><strong>ustinus.</strong></span> <span class='ocrx_word' id='word_1_258' title='bbox 262 3412 341 3497; x_wconf 88' lang='lat' dir='ltr'><strong>ejus,</strong></span> <span class='ocrx_word' id='word_1_259' title='bbox 361 3410 555 3496; x_wconf 89' lang='lat' dir='ltr'><strong>justissimus</strong></span> <span class='ocrx_word' id='word_1_260' title='bbox 580 3413 766 3477; x_wconf 88' lang='lat' dir='ltr'><strong>retributor:</strong></span> <span class='ocrx_word' id='word_1_261' title='bbox 790 3421 823 3477; x_wconf 88' lang='lat' dir='ltr'><strong>et</strong></span> <span class='ocrx_word' id='word_1_262' title='bbox 849 3420 1013 3499; x_wconf 78' lang='lat' dir='ltr'><strong>propterea</strong></span> <span class='ocrx_word' id='word_1_263' title='bbox 1034 3411 1097 3476; x_wconf 88' lang='lat' dir='ltr'><strong>ait:</strong></span> <span class='ocrx_word' id='word_1_264' title='bbox 1118 3412 1248 3476; x_wconf 83' lang='lat' dir='ltr'><strong>Mittens</strong></span> <span class='ocrx_word' id='word_1_265' title='bbox 1269 3413 1419 3477; x_wconf 73' lang='lat' dir='ltr'><strong>coercitus</strong></span> 
     </span>
     <span class='ocr_line' id='line_1_30' title="bbox 262 3513 1418 3600; baseline 0.002 -23"><span class='ocrx_word' id='word_1_266' title='bbox 262 3535 330 3578; x_wconf 83' lang='lat' dir='ltr'><strong>suos</strong></span> <span class='ocrx_word' id='word_1_267' title='bbox 345 3513 491 3600; x_wconf 73' lang='lat' dir='ltr'><strong>perdidit</strong></span> <span class='ocrx_word' id='word_1_268' title='bbox 505 3514 709 3600; x_wconf 75' lang='lat' dir='ltr'><strong>interfectores</strong></span> <span class='ocrx_word' id='word_1_269' title='bbox 722 3516 799 3594; x_wconf 87' lang='lat' dir='ltr'><strong>illos,</strong></span> <span class='ocrx_word' id='word_1_270' title='bbox 815 3525 843 3581; x_wconf 87' lang='lat' dir='ltr'><strong>et</strong></span> <span class='ocrx_word' id='word_1_271' title='bbox 857 3516 1012 3581; x_wconf 75' lang='lat' dir='ltr'><strong>civitatem</strong></span> <span class='ocrx_word' id='word_1_272' title='bbox 1025 3515 1147 3579; x_wconf 66' lang='lat' dir='ltr'><strong>iturum</strong></span> <span class='ocrx_word' id='word_1_273' title='bbox 1161 3515 1306 3579; x_wconf 82' lang='lat' dir='ltr'><strong>incendit.</strong></span> <span class='ocrx_word' id='word_1_274' title='bbox 1353 3515 1418 3579; x_wconf 87' lang='lat' dir='ltr'><strong>Ex-</strong></span> 
     </span>
    </p>

    <p class='ocr_par' dir='ltr' id='par_1_6' title="bbox 97 3616 1420 3807">
     <span class='ocr_line' id='line_1_31' title="bbox 97 3616 1419 3704; baseline -0.002 -22"><span class='ocrx_word' id='word_1_275' title='bbox 97 3654 131 3695; x_wconf 64' lang='lat' dir='ltr'><strong>p,</strong></span> <span class='ocrx_word' id='word_1_276' title='bbox 140 3653 199 3693; x_wconf 63' lang='lat'><strong>„112</strong></span> <span class='ocrx_word' id='word_1_277' title='bbox 210 3654 226 3691; x_wconf 68' lang='grc' dir='ltr'><strong>ι,</strong></span> <span class='ocrx_word' id='word_1_278' title='bbox 263 3616 379 3682; x_wconf 80' lang='lat' dir='ltr'><strong>orcitus</strong></span> <span class='ocrx_word' id='word_1_279' title='bbox 392 3624 499 3681; x_wconf 86' lang='lat' dir='ltr'><strong>sutem</strong></span> <span class='ocrx_word' id='word_1_280' title='bbox 513 3619 582 3703; x_wconf 89' lang='lat' dir='ltr'><strong>ejus</strong></span> <span class='ocrx_word' id='word_1_281' title='bbox 597 3617 707 3704; x_wconf 90' lang='lat' dir='ltr'><strong>inquit,</strong></span> <span class='ocrx_word' id='word_1_282' title='bbox 722 3618 796 3703; x_wconf 91' lang='lat' dir='ltr'><strong>quia</strong></span> <span class='ocrx_word' id='word_1_283' title='bbox 809 3639 918 3683; x_wconf 90' lang='lat' dir='ltr'><strong>omnes</strong></span> <span class='ocrx_word' id='word_1_284' title='bbox 932 3618 1074 3683; x_wconf 89' lang='lat' dir='ltr'><strong>homines</strong></span> <span class='ocrx_word' id='word_1_285' title='bbox 1089 3616 1169 3681; x_wconf 89' lang='lat' dir='ltr'><strong>Dei:</strong></span> <span class='ocrx_word' id='word_1_286' title='bbox 1194 3618 1322 3681; x_wconf 81' lang='lat' dir='ltr'><strong>Domini</strong></span> <span class='ocrx_word' id='word_1_287' title='bbox 1338 3618 1419 3680; x_wconf 77' lang='lat' dir='ltr'><strong>enirn</strong></span> 
     </span>
     <span class='ocr_line' id='line_1_32' title="bbox 264 3719 1420 3807; baseline -0.001 -22"><span class='ocrx_word' id='word_1_288' title='bbox 264 3730 307 3786; x_wconf 86' lang='lat' dir='ltr'><strong>est</strong></span> <span class='ocrx_word' id='word_1_289' title='bbox 320 3729 416 3798; x_wconf 76' lang='lat' dir='ltr'><strong>terro,</strong></span> <span class='ocrx_word' id='word_1_290' title='bbox 432 3729 460 3785; x_wconf 91' lang='lat' dir='ltr'><strong>et</strong></span> <span class='ocrx_word' id='word_1_291' title='bbox 468 3720 630 3806; x_wconf 80' lang='lat' dir='ltr'><strong>plenitudo</strong></span> <span class='ocrx_word' id='word_1_292' title='bbox 644 3722 716 3806; x_wconf 83' lang='lat' dir='ltr'><strong>ejus,</strong></span> <span class='ocrx_word' id='word_1_293' title='bbox 729 3720 809 3786; x_wconf 79' lang='lat' dir='ltr'><strong>orbis</strong></span> <span class='ocrx_word' id='word_1_294' title='bbox 816 3730 982 3796; x_wconf 65' lang='lat' dir='ltr'><strong>morem,</strong></span> <span class='ocrx_word' id='word_1_295' title='bbox 995 3730 1024 3785; x_wconf 88' lang='lat' dir='ltr'><strong>et</strong></span> <span class='ocrx_word' id='word_1_296' title='bbox 1036 3742 1135 3784; x_wconf 75' lang='lat' dir='ltr'><strong>munes</strong></span> <span class='ocrx_word' id='word_1_297' title='bbox 1148 3721 1202 3807; x_wconf 83' lang='lat' dir='ltr'><strong>qui</strong></span> <span class='ocrx_word' id='word_1_298' title='bbox 1215 3719 1371 3784; x_wconf 77' lang='lat' dir='ltr'><strong>⁵delriteot</strong></span> <span class='ocrx_word' id='word_1_299' title='bbox 1384 3721 1420 3784; x_wconf 79' lang='lat' dir='ltr'><strong>ire</strong></span> 
     </span>
    </p>

    <p class='ocr_par' dir='ltr' id='par_1_7' title="bbox 264 3823 1419 3910">
     <span class='ocr_line' id='line_1_33' title="bbox 264 3823 1419 3910; baseline -0.003 -20"><span class='ocrx_word' id='word_1_300' title='bbox 264 3847 312 3890; x_wconf 88' lang='lat' dir='ltr'><strong>ee.</strong></span> <span class='ocrx_word' id='word_1_301' title='bbox 356 3824 401 3889; x_wconf 87' lang='lat' dir='ltr'><strong>Et</strong></span> <span class='ocrx_word' id='word_1_302' title='bbox 415 3832 543 3910; x_wconf 89' lang='lat' dir='ltr'><strong>propter</strong></span> <span class='ocrx_word' id='word_1_303' title='bbox 556 3826 615 3890; x_wconf 92' lang='lat' dir='ltr'><strong>boc</strong></span> <span class='ocrx_word' id='word_1_304' title='bbox 631 3825 751 3890; x_wconf 85' lang='lat' dir='ltr'><strong>Paulus</strong></span> <span class='ocrx_word' id='word_1_305' title='bbox 767 3825 938 3910; x_wconf 89' lang='lat' dir='ltr'><strong>Apostolus</strong></span> <span class='ocrx_word' id='word_1_306' title='bbox 953 3824 986 3887; x_wconf 92' lang='lat' dir='ltr'><strong>in</strong></span> <span class='ocrx_word' id='word_1_307' title='bbox 1005 3830 1063 3888; x_wconf 81' lang='lat' dir='ltr'><strong>⁵es</strong></span> <span class='ocrx_word' id='word_1_308' title='bbox 1083 3823 1215 3908; x_wconf 89' lang='lat' dir='ltr'><strong>epistola</strong></span> <span class='ocrx_word' id='word_1_309' title='bbox 1230 3845 1300 3908; x_wconf 82' lang='lat' dir='ltr'><strong>quae</strong></span> <span class='ocrx_word' id='word_1_310' title='bbox 1314 3832 1363 3888; x_wconf 89' lang='lat' dir='ltr'><strong>est</strong></span> <span class='ocrx_word' id='word_1_311' title='bbox 1377 3823 1419 3887; x_wconf 89' lang='lat' dir='ltr'><strong>ad</strong></span> 
     </span>
    </p>

    <p class='ocr_par' dir='ltr' id='par_1_8' title="bbox 98 3925 1419 4321">
     <span class='ocr_line' id='line_1_34' title="bbox 98 3925 1419 4039; baseline 0.002 -51"><span class='ocrx_word' id='word_1_312' title='bbox 98 3948 212 4039; x_wconf 54' lang='lat' dir='ltr'><strong>papam</strong></span> <span class='ocrx_word' id='word_1_313' title='bbox 264 3926 425 3991; x_wconf 77' lang='lat' dir='ltr'><strong>Romanos</strong></span> <span class='ocrx_word' id='word_1_314' title='bbox 446 3926 510 3991; x_wconf 89' lang='lat' dir='ltr'><strong>ait:</strong></span> <span class='ocrx_word' id='word_1_315' title='bbox 541 3927 616 3992; x_wconf 81' lang='lat' dir='ltr'><strong>Neu</strong></span> <span class='ocrx_word' id='word_1_316' title='bbox 637 3927 716 3992; x_wconf 82' lang='lat' dir='ltr'><strong>enim</strong></span> <span class='ocrx_word' id='word_1_317' title='bbox 738 3936 781 3992; x_wconf 86' lang='lat' dir='ltr'><strong>est</strong></span> <span class='ocrx_word' id='word_1_318' title='bbox 799 3935 932 4013; x_wconf 82' lang='lat' dir='ltr'><strong>potestus</strong></span> <span class='ocrx_word' id='word_1_319' title='bbox 956 3926 1019 3990; x_wconf 70' lang='lat' dir='ltr'><strong>nesi</strong></span> <span class='ocrx_word' id='word_1_320' title='bbox 1043 3947 1064 3989; x_wconf 88' lang='lat' dir='ltr'><strong><em>a</em></strong></span> <span class='ocrx_word' id='word_1_321' title='bbox 1092 3926 1170 3990; x_wconf 86' lang='lat' dir='ltr'><strong>Deo.</strong></span> <span class='ocrx_word' id='word_1_322' title='bbox 1217 3925 1292 4005; x_wconf 74' lang='lat' dir='ltr'><strong>Quen</strong></span> <span class='ocrx_word' id='word_1_323' title='bbox 1317 3935 1419 3990; x_wconf 81' lang='lat' dir='ltr'><strong>eutem</strong></span> 
     </span>
     <span class='ocr_line' id='line_1_35' title="bbox 146 4021 1419 4116; baseline -0.001 -21"><span class='ocrx_word' id='word_1_324' title='bbox 146 4021 152 4034; x_wconf 65' lang='lat'><em>⁶</em></span> <span class='ocrx_word' id='word_1_325' title='bbox 263 4039 343 4109; x_wconf 70' lang='lat' dir='ltr'><strong>mot,</strong></span> <span class='ocrx_word' id='word_1_326' title='bbox 367 4054 389 4095; x_wconf 86' lang='lat' dir='ltr'><strong>a</strong></span> <span class='ocrx_word' id='word_1_327' title='bbox 415 4030 480 4095; x_wconf 89' lang='lat' dir='ltr'><strong>Deo</strong></span> <span class='ocrx_word' id='word_1_328' title='bbox 504 4031 658 4095; x_wconf 79' lang='lat' dir='ltr'><strong>ordientes</strong></span> <span class='ocrx_word' id='word_1_329' title='bbox 685 4040 763 4098; x_wconf 82' lang='lat' dir='ltr'><strong>sunt.</strong></span> <span class='ocrx_word' id='word_1_330' title='bbox 809 4030 921 4116; x_wconf 79' lang='lat' dir='ltr'><strong>Itaque</strong></span> <span class='ocrx_word' id='word_1_331' title='bbox 950 4030 1004 4115; x_wconf 82' lang='lat' dir='ltr'><strong>qui</strong></span> <span class='ocrx_word' id='word_1_332' title='bbox 1032 4029 1148 4094; x_wconf 79' lang='lat' dir='ltr'><strong>resistit</strong></span> <span class='ocrx_word' id='word_1_333' title='bbox 1170 4029 1325 4116; x_wconf 70' lang='lat' dir='ltr'><strong>puritati,</strong></span> <span class='ocrx_word' id='word_1_334' title='bbox 1355 4030 1419 4094; x_wconf 85' lang='lat' dir='ltr'><strong>Dei</strong></span> 
     </span>
     <span class='ocr_line' id='line_1_36' title="bbox 263 4130 1419 4218; baseline -0.001 -22"><span class='ocrx_word' id='word_1_335' title='bbox 263 4132 453 4196; x_wconf 82' lang='lat' dir='ltr'><strong>ordinationi</strong></span> <span class='ocrx_word' id='word_1_336' title='bbox 472 4133 607 4198; x_wconf 80' lang='lat' dir='ltr'><strong>resistit:</strong></span> <span class='ocrx_word' id='word_1_337' title='bbox 637 4132 692 4218; x_wconf 83' lang='lat' dir='ltr'><strong>qui</strong></span> <span class='ocrx_word' id='word_1_338' title='bbox 712 4141 814 4197; x_wconf 86' lang='lat' dir='ltr'><strong>eutem</strong></span> <span class='ocrx_word' id='word_1_339' title='bbox 835 4132 989 4209; x_wconf 85' lang='lat' dir='ltr'><strong>resistent,</strong></span> <span class='ocrx_word' id='word_1_340' title='bbox 1016 4130 1078 4217; x_wconf 84' lang='lat' dir='ltr'><strong>ipsi</strong></span> <span class='ocrx_word' id='word_1_341' title='bbox 1106 4131 1332 4196; x_wconf 64' lang='lat' dir='ltr'><strong>chmnmioucm</strong></span> <span class='ocrx_word' id='word_1_342' title='bbox 1358 4130 1419 4196; x_wconf 80' lang='lat' dir='ltr'><strong>sibi</strong></span> 
     </span>
     <span class='ocr_line' id='line_1_37' title="bbox 262 4232 1415 4321; baseline -0.001 -23"><span class='ocrx_word' id='word_1_343' title='bbox 262 4235 430 4319; x_wconf 82' lang='lat' dir='ltr'><strong>acquirent.</strong></span> <span class='ocrx_word' id='word_1_344' title='bbox 474 4235 639 4321; x_wconf 78' lang='lat' dir='ltr'><strong>Principes</strong></span> <span class='ocrx_word' id='word_1_345' title='bbox 660 4235 740 4300; x_wconf 80' lang='lat' dir='ltr'><strong>eninr</strong></span> <span class='ocrx_word' id='word_1_346' title='bbox 758 4256 818 4299; x_wconf 84' lang='lat' dir='ltr'><strong>oon</strong></span> <span class='ocrx_word' id='word_1_347' title='bbox 838 4243 908 4298; x_wconf 84' lang='lat' dir='ltr'><strong>suat</strong></span> <span class='ocrx_word' id='word_1_348' title='bbox 929 4233 1033 4298; x_wconf 80' lang='lat' dir='ltr'><strong>timori</strong></span> <span class='ocrx_word' id='word_1_349' title='bbox 1055 4232 1126 4298; x_wconf 80' lang='lat' dir='ltr'><strong>beno</strong></span> <span class='ocrx_word' id='word_1_350' title='bbox 1148 4233 1233 4319; x_wconf 83' lang='lat' dir='ltr'><strong>operi</strong></span> <span class='ocrx_word' id='word_1_351' title='bbox 1253 4234 1307 4297; x_wconf 83' lang='lat' dir='ltr'><strong>red</strong></span> <span class='ocrx_word' id='word_1_352' title='bbox 1324 4233 1415 4298; x_wconf 86' lang='lat' dir='ltr'><strong>molo.</strong></span> 
     </span>
    </p>
   </div>
   <div class='ocr_carea' id='block_1_4' title="bbox 264 4378 1418 4768">
    <p class='ocr_par' dir='ltr' id='par_1_9' title="bbox 264 4378 1416 4523">
     <span class='ocr_line' id='line_1_38' title="bbox 312 4378 1416 4443; baseline 0.003 -16"><span class='ocrx_word' id='word_1_353' title='bbox 312 4378 382 4428; x_wconf 76' lang='grc' dir='ltr'><strong>1Ιιοσ</strong></span> <span class='ocrx_word' id='word_1_354' title='bbox 401 4379 423 4428; x_wconf 90' lang='lat' dir='ltr'><strong>is</strong></span> <span class='ocrx_word' id='word_1_355' title='bbox 445 4380 503 4429; x_wconf 86' lang='lat' dir='ltr'><strong>bere</strong></span> <span class='ocrx_word' id='word_1_356' title='bbox 522 4380 631 4429; x_wconf 85' lang='lat' dir='ltr'><strong>inserted</strong></span> <span class='ocrx_word' id='word_1_357' title='bbox 650 4381 677 4430; x_wconf 91' lang='lat' dir='ltr'><strong>in</strong></span> <span class='ocrx_word' id='word_1_358' title='bbox 696 4381 814 4440; x_wconf 76' lang='lat' dir='ltr'><strong>theAn,</strong></span> <span class='ocrx_word' id='word_1_359' title='bbox 865 4381 942 4429; x_wconf 87' lang='lat' dir='ltr'><strong>ritum</strong></span> <span class='ocrx_word' id='word_1_360' title='bbox 958 4380 1032 4429; x_wconf 80' lang='lat' dir='ltr'><strong>motis</strong></span> <span class='ocrx_word' id='word_1_361' title='bbox 1048 4380 1164 4438; x_wconf 74' lang='lat' dir='ltr'><strong>adscribi,</strong></span> <span class='ocrx_word' id='word_1_362' title='bbox 1185 4380 1215 4429; x_wconf 90' lang='lat' dir='ltr'><strong>cf.</strong></span> <span class='ocrx_word' id='word_1_363' title='bbox 1235 4382 1304 4429; x_wconf 83' lang='lat' dir='ltr'><strong>Rom.</strong></span> <span class='ocrx_word' id='word_1_364' title='bbox 1323 4383 1356 4429; x_wconf 89' lang='lat' dir='ltr'><strong>vi.</strong></span> <span class='ocrx_word' id='word_1_365' title='bbox 1378 4397 1416 4443; x_wconf 76' lang='lat'><strong>23.</strong></span> 
     </span>
     <span class='ocr_line' id='line_1_39' title="bbox 264 4460 1416 4523; baseline 0.003 -14"><span class='ocrx_word' id='word_1_366' title='bbox 264 4460 309 4509; x_wconf 87' lang='lat' dir='ltr'><strong>but</strong></span> <span class='ocrx_word' id='word_1_367' title='bbox 325 4462 368 4510; x_wconf 83' lang='lat' dir='ltr'><strong>the</strong></span> <span class='ocrx_word' id='word_1_368' title='bbox 386 4461 429 4511; x_wconf 75' lang='lat' dir='ltr'><strong>Gn.</strong></span> <span class='ocrx_word' id='word_1_369' title='bbox 448 4463 498 4511; x_wconf 78' lang='lat' dir='ltr'><strong>snd</strong></span> <span class='ocrx_word' id='word_1_370' title='bbox 510 4462 590 4512; x_wconf 78' lang='lat' dir='ltr'><strong>Voss.</strong></span> <span class='ocrx_word' id='word_1_371' title='bbox 607 4462 684 4512; x_wconf 75' lang='lat' dir='ltr'><strong>MSS.</strong></span> <span class='ocrx_word' id='word_1_372' title='bbox 697 4462 798 4512; x_wconf 83' lang='lat' dir='ltr'><strong>omitit.</strong></span> <span class='ocrx_word' id='word_1_373' title='bbox 867 4462 918 4512; x_wconf 80' lang='lat' dir='ltr'><strong>GR.</strong></span> <span class='ocrx_word' id='word_1_374' title='bbox 930 4464 969 4510; x_wconf 76' lang='lat' dir='ltr'><strong>reti</strong></span> <span class='ocrx_word' id='word_1_375' title='bbox 981 4463 1070 4523; x_wconf 77' lang='grc' dir='ltr'>δωρεὰν</span> <span class='ocrx_word' id='word_1_376' title='bbox 1077 4465 1120 4520; x_wconf 77' lang='grc' dir='ltr'><strong>μὲν</strong></span> <span class='ocrx_word' id='word_1_377' title='bbox 1127 4464 1257 4523; x_wconf 73' lang='grc' dir='ltr'>χαρίζεται,</span> <span class='ocrx_word' id='word_1_378' title='bbox 1266 4462 1416 4523; x_wconf 63' lang='lat' dir='ltr'><strong>reametur,</strong></span> 
     </span>
    </p>

    <p class='ocr_par' dir='ltr' id='par_1_10' title="bbox 312 4539 1418 4608">
     <span class='ocr_line' id='line_1_40' title="bbox 312 4539 1418 4608; baseline 0.004 -19"><span class='ocrx_word' id='word_1_379' title='bbox 312 4539 325 4571; x_wconf 87' lang='lat'><strong>¹</strong></span> <span class='ocrx_word' id='word_1_380' title='bbox 340 4556 356 4589; x_wconf 85' lang='lat' dir='ltr'><strong>o</strong></span> <span class='ocrx_word' id='word_1_381' title='bbox 367 4542 426 4602; x_wconf 61' lang='lat' dir='ltr'><strong>ritca</strong></span> <span class='ocrx_word' id='word_1_382' title='bbox 441 4556 498 4608; x_wconf 81' lang='lat'><strong>419,</strong></span> <span class='ocrx_word' id='word_1_383' title='bbox 512 4543 545 4592; x_wconf 86' lang='lat' dir='ltr'><strong>G.</strong></span> <span class='ocrx_word' id='word_1_384' title='bbox 866 4544 921 4592; x_wconf 77' lang='grc' dir='ltr'><strong>κατ’</strong></span> <span class='ocrx_word' id='word_1_385' title='bbox 933 4544 1001 4603; x_wconf 73' lang='grc' dir='ltr'>ἀξίαν</span> <span class='ocrx_word' id='word_1_386' title='bbox 1012 4546 1039 4592; x_wconf 75' lang='grc' dir='ltr'><strong>δὲ</strong></span> <span class='ocrx_word' id='word_1_387' title='bbox 1050 4545 1143 4593; x_wconf 70' lang='grc' dir='ltr'><strong>ἐνδίκως</strong></span> <span class='ocrx_word' id='word_1_388' title='bbox 1156 4544 1296 4592; x_wconf 72' lang='grc' dir='ltr'><strong>ἀποδίδοται</strong></span> <span class='ocrx_word' id='word_1_389' title='bbox 1309 4542 1348 4593; x_wconf 73' lang='grc' dir='ltr'><strong>ἐπ’</strong></span> <span class='ocrx_word' id='word_1_390' title='bbox 1357 4547 1418 4605; x_wconf 74' lang='grc' dir='ltr'><strong>ἀχα-</strong></span> 
     </span>
    </p>

    <p class='ocr_par' dir='ltr' id='par_1_11' title="bbox 313 4619 1060 4688">
     <span class='ocr_line' id='line_1_41' title="bbox 313 4619 1060 4688; baseline 0.003 -19"><span class='ocrx_word' id='word_1_391' title='bbox 313 4619 324 4653; x_wconf 79' lang='lat'>⁸</span> <span class='ocrx_word' id='word_1_392' title='bbox 340 4622 392 4671; x_wconf 78' lang='lat' dir='ltr'><strong>An.</strong></span> <span class='ocrx_word' id='word_1_393' title='bbox 405 4622 496 4671; x_wconf 85' lang='lat' dir='ltr'><strong>inserts</strong></span> <span class='ocrx_word' id='word_1_394' title='bbox 507 4630 593 4684; x_wconf 65' lang='lat' dir='ltr'><strong>omem,</strong></span> <span class='ocrx_word' id='word_1_395' title='bbox 606 4640 668 4685; x_wconf 83' lang='lat' dir='ltr'><strong>cero,</strong></span> <span class='ocrx_word' id='word_1_396' title='bbox 682 4624 786 4688; x_wconf 75' lang='lat' dir='ltr'><strong>peridem.</strong></span> <span class='ocrx_word' id='word_1_397' title='bbox 864 4626 966 4686; x_wconf 79' lang='lat' dir='ltr'><strong>plerum.</strong></span> <span class='ocrx_word' id='word_1_398' title='bbox 980 4642 1001 4672; x_wconf 82' lang='lat' dir='ltr'><strong>r.</strong></span> <span class='ocrx_word' id='word_1_399' title='bbox 1007 4642 1030 4672; x_wconf 85' lang='lat' dir='ltr'><strong>r.</strong></span> <span class='ocrx_word' id='word_1_400' title='bbox 1036 4626 1060 4672; x_wconf 81' lang='grc' dir='ltr'><strong>λ.</strong></span> 
     </span>
    </p>

    <p class='ocr_par' dir='ltr' id='par_1_12' title="bbox 309 4702 1346 4768">
     <span class='ocr_line' id='line_1_42' title="bbox 309 4702 1346 4768; baseline 0.002 -16"><span class='ocrx_word' id='word_1_401' title='bbox 309 4703 321 4733; x_wconf 85' lang='lat'><strong><em>⁴</em></strong></span> <span class='ocrx_word' id='word_1_402' title='bbox 333 4702 403 4753; x_wconf 63' lang='grc' dir='ltr'><strong>Ναΐα</strong></span> <span class='ocrx_word' id='word_1_403' title='bbox 410 4704 553 4768; x_wconf 71' lang='lat' dir='ltr'><strong>gratuitum</strong></span> <span class='ocrx_word' id='word_1_404' title='bbox 569 4706 664 4755; x_wconf 92' lang='lat' dir='ltr'><strong>donum</strong></span> <span class='ocrx_word' id='word_1_405' title='bbox 678 4705 753 4767; x_wconf 75' lang='lat' dir='ltr'><strong>bonis,</strong></span> <span class='ocrx_word' id='word_1_406' title='bbox 767 4722 816 4755; x_wconf 86' lang='lat' dir='ltr'><strong>me·</strong></span> <span class='ocrx_word' id='word_1_407' title='bbox 913 4706 925 4737; x_wconf 81' lang='lat'>⁸</span> <span class='ocrx_word' id='word_1_408' title='bbox 941 4706 992 4755; x_wconf 83' lang='lat' dir='ltr'><strong>An.</strong></span> <span class='ocrx_word' id='word_1_409' title='bbox 1004 4704 1151 4764; x_wconf 72' lang='lat' dir='ltr'><strong>inhabitent,</strong></span> <span class='ocrx_word' id='word_1_410' title='bbox 1164 4704 1213 4754; x_wconf 81' lang='lat' dir='ltr'><strong>and</strong></span> <span class='ocrx_word' id='word_1_411' title='bbox 1225 4706 1299 4753; x_wconf 86' lang='lat' dir='ltr'><strong>omits</strong></span> <span class='ocrx_word' id='word_1_412' title='bbox 1311 4722 1346 4755; x_wconf 85' lang='lat' dir='ltr'><strong>co.</strong></span> 
     </span>
    </p>
   </div>
   <div class='ocr_carea' id='block_1_5' title="bbox 0 0 1504 4994">
    <p class='ocr_par' dir='ltr' id='par_1_13' title="bbox 0 0 1504 4994">
     <span class='ocr_line' id='line_1_43' title="bbox 0 0 1504 4994; baseline 0 0"><span class='ocrx_word' id='word_1_413' title='bbox 0 0 1504 4994; x_wconf 95' lang='lat' dir='ltr'><strong> </strong></span> 
     </span>
    </p>
   </div>
  </div>
 </body>
</html>
