3000 4994
246 317 312 383 152
362 292 369 307 ’
526 331 619 396 oum
645 333 687 385 m
713 311 892 386 morrona
914 332 1113 386 munorum

81 506 220 595 effide,
244 490 430 571 portaverat,
446 483 480 549 in
500 507 561 571 quo
576 484 712 550 domitus
730 485 897 564 esthemo,
917 485 971 572 qui
990 491 1084 550 antea
1100 505 1163 549 non
1176 484 1398 570 subjiciebatur

88 599 216 687 uffffilv·
245 588 315 654 Deo
335 611 407 654 eum
424 610 508 653 mors
522 589 684 676 regnabat,
699 596 732 653 et
746 587 884 653 domitus
903 588 1015 653 habilis
1034 589 1135 653 laetus
1150 595 1199 653 est
1216 589 1257 652 ad
1271 589 1396 654 liberta·

76 717 228 729 --
243 700 318 771 tem,
332 691 514 757 adveniente
524 691 626 756 iruotu
638 690 800 768 libertatis,
816 703 849 756 et
862 700 955 756 aucto
966 699 998 755 et
1012 693 1154 756 demesso
1165 699 1198 756 et
1209 691 1240 754 in
1252 691 1396 756 horreum

242 805 379 882 recepto,
391 803 424 859 et
439 794 627 882 ¹apportatis
638 795 680 860 ab
693 815 731 857 ea
742 793 792 859 his
806 793 859 882 qui
870 793 1056 859 fructificare
1066 802 1207 880 possunt,
1218 803 1250 859 et
1264 795 1296 859 in
1311 795 1396 860 omni

76 1024 196 1113 W
245 1010 367 1087 Καθὼς
394 1007 543 1086 Ἡσαΐας
574 1008 671 1109 φησί·
703 1008 801 1080 τὲκνα
827 1006 952 1096 Ἰακὼβ
983 1009 1187 1096 βλαστήσει,
1217 1008 1270 1079 καὶ
1305 1005 1397 1102 ἕξον-

74 1118 212 1210 {dmg
246 1127 337 1208 θῆσει
366 1122 517 1222 Ἰσραὴλ,
552 1122 606 1193 καὶ
643 1125 877 1205 πλησθήσεται
914 1124 932 1204 η
967 1121 1133 1205 οἰκουμένη
1168 1126 1232 1193 τοῦ
1267 1126 1397 1220 καρποῦ

76 1217 189 1266 ruens.
244 1237 356 1308 αὑτοῦ.
407 1235 471 1313 Εἷς
509 1236 590 1317 ὅλην
628 1232 681 1306 οὖν
712 1234 773 1318 τὴν
807 1233 992 1318 οἰκουμένην
1033 1239 1095 1305 τοῦ
1130 1239 1261 1333 καρποῦ
1296 1236 1397 1306 αὑτοῦ

245 1347 497 1447 διασπαρέντος,
526 1349 657 1425 εἰκότως
687 1347 943 1446 ἐγκατελείφθη,
973 1345 1026 1417 καὶ
1059 1347 1093 1417 ἕκ
1122 1347 1228 1430 μέσον
1261 1348 1396 1438 ἐγένετο

242 1460 288 1535 τὰ
318 1460 406 1534 ποτὲ
439 1459 499 1546 μὲν
529 1465 843 1559 καρποφορῆσαντα
879 1464 995 1536 καλῶς·
1035 1457 1073 1554 ἐξ
1110 1461 1217 1531 αὑτῶν
1255 1457 1323 1559 γὰρ
1352 1458 1396 1531 sd

242 1573 330 1647 κατὰ
364 1572 473 1673 σάρκα
504 1576 522 1646 ὁ
552 1572 708 1672 Χριστὸς
741 1575 1011 1672 ἐκαρποφορήθη,
1042 1573 1096 1643 καὶ
1130 1575 1164 1643 οἱ
1190 1573 1394 1645 ἀπόστολοι·

243 1694 295 1760 νῦν
320 1686 356 1759 δὲ
383 1688 497 1772 μηκέτι
525 1689 642 1759 εὔθετα
667 1683 867 1785 ὑπάρχοντα
893 1684 977 1786 πρὸς
1002 1687 1250 1784 καρποφορῖαν.

75 1930 226 1973 munes
242 1911 359 1977 mundo
384 1908 606 1975 disseminatis.
650 1908 919 1991 Quemadmodum
949 1908 1062 1974 Esaias
1091 1909 1154 1975 ait:
1186 1908 1270 1973 Filii
1297 1909 1394 1975 Jacob

238 2011 465 2101 yermioodont,
482 2021 509 2075 et
522 2011 638 2094 'florid
651 2009 764 2088 Ιπαιῐ,
783 2020 810 2075 et
815 2011 929 2096 fructu
943 2011 1007 2096 ejm
1020 2009 1236 2097 adimplebitur
1250 2013 1394 2076 νμίοινκα

241 2127 338 2184 terra.
376 2115 415 2179 In
429 2115 571 2180 universa
584 2114 668 2180 enim
682 2122 766 2180 terra
779 2113 882 2179 iruetu
896 2114 1106 2192 disseminato,
1122 2114 1232 2178 merito
1247 2114 1393 2179 derelicta

242 2228 300 2299 est,
317 2227 349 2285 et
364 2218 403 2282 de
422 2217 525 2282 medio
538 2217 644 2282 ablata
663 2225 722 2294 est,
743 2238 813 2304 quse
832 2216 997 2301 aliqnando
1012 2216 1136 2304 quidem
1156 2216 1394 2282 fructificaverat

75 2329 130 2370 ³⁰⁰¹
144 2329 200 2370 Μ
240 2325 338 2390 bene:
363 2345 402 2389 ex
424 2322 492 2408 ipsa
511 2322 594 2386 enim
612 2321 782 2387 seeundum
803 2342 927 2386 earnem
950 2320 1093 2386 Christus
1112 2319 1315 2385 fruetificatus
1333 2330 1392 2399 est,

241 2435 274 2493 et
296 2425 461 2514 Apostoli;
485 2447 568 2491 nune
589 2434 694 2491 autem
708 2426 776 2511 jam
797 2424 883 2490 utilis
902 2445 965 2489 non
987 2424 1093 2489 estad
1114 2423 1392 2489 smetifioationem.

241 2531 460 2619 ³Quaeounque
485 2529 567 2595 enim
594 2529 763 2616 temporale
784 2527 907 2594 initium
931 2528 1059 2608 hahent,
1080 2549 1208 2594 neeesse
1228 2537 1278 2593 est
1300 2549 1338 2593 ee
1360 2536 1393 2592 et

241 2635 335 2702 finem
349 2636 464 2701 habere
478 2634 691 2721 temporalem.

725 2882 825 2948 oar.
846 2855 909 2946 vr'.

429 3036 589 3113 Oeteusio
607 3035 704 3137 qood
720 3034 933 3137 temporalis
949 3036 1005 3111 teo
1021 3035 1114 3110 doto
1131 3035 1199 3111 oe't:

360 3173 448 3264 Qum
465 3200 579 3249 causo
595 3187 645 3249 est
662 3172 760 3274 quod
777 3173 902 3250 celum
919 3185 951 3247 et
970 3185 1070 3246 ιοινα
1087 3171 1274 3246 transient.

303 3353 491 3438 ‘Quoniam
508 3356 603 3444 igitur
620 3378 641 3421 a
662 3356 774 3444 Moyse
791 3356 843 3422 lex
861 3355 1027 3433 inchoavit,
1045 3361 1270 3439 consequenter
1287 3353 1319 3416 in
1334 3352 1358 3416 J
1360 3375 1393 3416 o·

239 3457 375 3523 hannem
403 3459 524 3539 desivit,
552 3461 611 3525 ⁶ad
638 3460 851 3547 impletionem
879 3460 947 3546 ejus
975 3461 1142 3526 advenerat
1168 3459 1329 3524 Christus:
1360 3468 1393 3524 et

74 3582 218 3625 affixere
240 3570 366 3649 propter
383 3563 443 3628 hoo
460 3564 528 3630 Lae
549 3574 578 3630 et
598 3564 763 3650 Propheta
782 3564 865 3651 apud
883 3587 938 3630 eos
955 3587 1049 3651 osque
1069 3563 1114 3629 od
1130 3563 1310 3628 Jotannem.
1349 3562 1394 3627 Et

241 3665 440 3732 Hierusalem
459 3667 564 3755 itaque
582 3667 750 3733 ⁶inchoans
767 3689 788 3732 a
806 3666 919 3746 David,
934 3675 966 3732 et
980 3666 1152 3754 adimplens
1169 3673 1309 3752 tempora
1326 3686 1393 3744 sua,

239 3767 452 3857 lego'sdutionis
465 3771 560 3835 finem
575 3770 711 3856 oportuit
725 3770 849 3850 habere,
864 3769 1063 3835 manifestato
1078 3791 1157 3835 novo
1174 3769 1392 3843 Testamento;

291 3924 356 3974 Ικαὶ
371 3924 547 3987 ἐπιφερομένων
564 3925 590 3984 ἐξ
607 3922 793 3988 αὐνῆε(Ηίοτο-
893 3921 904 3954 ⁴
927 3921 1242 3984 vieneetnesfflene.
1259 3937 1311 3987 ¹²9·
1343 3921 1392 3971 Gn.

239 4006 284 4056 sol.
296 4006 340 4068 ιο.)
352 4007 401 4054 τῶν
409 4007 570 4069 καρποφορεῖν
581 4007 721 4065 δυναμένων.
739 4004 793 4053 The
892 4003 904 4035 ⁵
920 4003 1015 4054 (ilem
1032 4003 1141 4067 supplies
1159 4003 1201 4052 uhi
1218 4020 1247 4052 οι·
1259 4011 1392 4067 postquam

240 4089 410 4137 eonstruetion
427 4087 488 4136 then
501 4087 597 4136 follows
611 4089 684 4136 τέκνα
704 4087 731 4135 in
749 4086 793 4136 the
842 4084 895 4134 'I'he
912 4076 967 4134 beet
984 4084 1093 4133 medium
1106 4085 1146 4133 sor
1162 4085 1265 4149 reading
1280 4084 1396 4134 doubtful

241 4170 331 4230 Greek,
344 4170 395 4219 aod
405 4169 575 4233 Ηίινονοὶηοια
585 4171 612 4218 in
623 4169 666 4218 the
678 4168 762 4218 Latin.
841 4183 958 4232 passages
973 4167 994 4216 is
1009 4167 1119 4231 through
1132 4169 1175 4217 the
1189 4168 1285 4217 Greek:
1298 4169 1354 4215 Ὀτι
1365 4169 1394 4224 δὴ

289 4251 301 4284 ¹
318 4252 456 4312 Cn.,Voss.
464 4251 554 4315 floriet,
567 4251 657 4300 Meno.
666 4262 697 4300 11.
711 4250 789 4313 floret.
845 4250 894 4298 ἀπὸ
905 4249 1028 4298 Μινῦσέινς
1039 4250 1052 4298 ό
1063 4249 1132 4308 νόμος
1146 4249 1245 4311 ηρχετο,
1260 4250 1395 4297 ἀκολουθῶν

290 4332 302 4366 ⁸
319 4333 352 4382 So
364 4334 437 4382 Plato
454 4333 576 4383 extended
592 4349 653 4382 even
665 4338 692 4382 to
709 4333 792 4382 subor·
845 4332 877 4381 sle
896 4332 1008 4390 Ἰωάννην
1025 4333 1188 4390 ἐτελεύτησεν,
1205 4333 1257 4379 ἐπεὶ
1276 4333 1395 4391 πλήρωμα

241 4413 326 4462 dinate
342 4413 428 4463 deities
445 4414 488 4462 the
504 4412 631 4478 principle,
648 4413 705 4462 that
720 4429 792 4477 gene·
845 4414 919 4463 αὑτοῦ
930 4415 1079 4472 εἰσεληλύθει
1096 4413 1109 4462 ὸ
1126 4413 1236 4474 Χριστόν.
1270 4411 1311 4460 Tr.
1326 4412 1373 4460 tert

241 4494 312 4544 rated
323 4495 484 4544 substaneeis
495 4495 591 4560 subject
599 4501 626 4545 to
637 4494 791 4546 dissolution.
894 4493 905 4527 ⁰
921 4496 1040 4544 inchoans
1053 4510 1069 4543 a
1080 4493 1172 4543 David.
1198 4492 1301 4542 Primus
1310 4493 1395 4542 Dauid

244 4576 357 4639 ltmooe,
371 4591 447 4642 p.4r.
844 4577 959 4630 Jeme
974 4576 1079 4642 αφιιὶείι
1098 4574 1163 4627 bono
1179 4576 1261 4627 orbern
1280 4576 1393 4628 Hieroso·
