3000 4994
248 329 292 395 50
666 343 975 397 nvauonmonurr

108 514 212 602 Ἣξῑ
250 506 310 590 την
341 501 463 606 δωρεὰν
490 509 553 576 τοῦ
582 504 680 595 ἁγίου
700 504 896 605 ῌνειίματος
927 507 969 581 είς
998 507 1112 574 πᾶσαν
1140 501 1314 600 ἐξέπεμψε
1342 502 1402 585 την

94 608 140 649 oa
149 609 190 649 111.
199 609 228 648 ιι.

96 656 225 696 ursana
252 627 323 712 γῆν,
351 616 524 720 σκεπάζειν
556 621 637 700 ἡμᾶς
673 628 747 695 ταῖς
779 620 897 690 ἑαυτοῦ
925 615 1091 717 πτέρυξιν.
1145 617 1268 687 Ὁποία
1302 614 1356 686 οῦν
1384 618 1402 696 »5

87 703 471 831 -ἐΙᾸ-α-πραγματεία
502 737 566 803 τοῦ
593 732 677 801 Υίοῦ
704 737 768 802 τοῦ
799 732 894 816 Θεοῦ,
921 733 1060 812 τοιαῦτη
1088 730 1141 800 καί
1170 735 1237 802 τῶν
1268 729 1355 832 ζώων
1384 732 1402 809 »5

251 850 380 947 μορφή·
411 845 464 915 καὶ
493 845 594 915 ὁποία
621 848 639 925 »5
666 848 731 914 τῶν
761 842 849 944 ζώων
874 845 1001 943 μορφὴ,
1031 849 1185 919 τοιοῦτος
1210 845 1265 916 καί
1291 845 1310 913 ὁ
1340 873 1404 938 χα-

251 959 378 1058 ρακτὴρ
403 964 466 1030 τοῦ
482 957 709 1048 Εὑαγγελίου.
754 957 992 1056 Τετράμορφα
1011 954 1079 1055 γὰρ
1104 954 1150 1028 τὰ
1178 954 1252 1057 ζῶα,
1281 951 1404 1053 τετρά-

250 1079 388 1172 μορφον
417 1071 471 1141 καί
496 1069 540 1143 τῦ
565 1069 782 1161 Ειίαγγέλιον
810 1070 864 1141 καί
891 1074 909 1151 »5
935 1071 1152 1171 πραγματεία
1178 1077 1241 1141 τοῦ
1265 1069 1401 1167 Κυρίου.

251 1184 322 1254 Καὶ
356 1182 428 1255 ιθιῦι
459 1190 562 1256 τοῦτο
596 1183 761 1283 τέσσαρες
789 1180 951 1264 ἐδόθησαν
982 1183 1155 1254 καθολικαὶ
1184 1179 1332 1264 θιαθῆκαι
1359 1183 1402 1273 τῇ

251 1298 498 1396 ιἰνθρωπότητι·
526 1297 585 1381 μία
614 1295 674 1379 μὲν
702 1302 765 1367 τοῦ
791 1302 1028 1380 κατακλυσμοῦ
1056 1301 1120 1368 τοῦ
1143 1295 1230 1380 Νῶε,
1258 1295 1312 1365 ε’πί
1342 1299 1404 1366 τοῦ

251 1408 366 1506 τόξου·
396 1408 531 1511 δευτέρα
557 1407 592 1479 δὲ
611 1415 672 1482 τοῦ
695 1407 870 1511 Ἀβραὰμ,
897 1408 952 1479 ε’πί
982 1413 1045 1482 τοῦ
1070 1409 1205 1491 σημείου
1228 1417 1285 1492 τῆς
1312 1439 1403 1508 περι·

251 1531 365 1608 τομῆς·
399 1524 499 1624 τρίτη
534 1520 569 1593 dd
603 1525 621 1604 »5
653 1522 831 1605 νομοθεσία
863 1521 917 1592 ε’πί
950 1528 1013 1594 τοῦ
1042 1521 1217 1598 Μωῦσὲιιις·
1253 1517 1402 1619 τετιίρτη

252 1634 287 1708 di
305 1641 323 1718 »5
342 1642 405 1709 τοῦ
422 1634 648 1726 Εὕαγγελίου,
671 1632 723 1704 διὰ
743 1640 806 1706 τοῦ
823 1635 950 1733 Κυρίου
967 1639 1053 1718 ἡμῶν
1068 1634 1183 1718 Ἰησοῦ
1198 1634 1368 1733 Χριστοῦ.

329 1770 385 1819 12.
417 1749 556 1820 Τούτων
568 1746 603 1819 δὲ
617 1745 717 1824 οὕτως
732 1748 886 1844 ε’χόντιυν,
903 1745 1041 1831 μα’ταιοι
1055 1744 1176 1825 πάντες
1188 1747 1241 1818 καί
1256 1748 1400 1831 ἀμαθεῖς,
1416 1770 1446 1810 ¹1.
1456 1771 1498 1814 lar.

252 1863 397 1961 προσέτι
429 1859 463 1932 δὲ
492 1861 546 1932 καί
565 1861 741 1959 τολμηροί,
772 1863 805 1931 οἶ
832 1862 1027 1938 ἇθετοῦντες
1049 1860 1110 1943 την
1137 1859 1226 1932 ἰθέαν
1252 1867 1316 1933 τοῦ
1334 1859 1403 1929 Et-

251 1975 424 2068 αγγελίου,
463 1973 517 2045 καί
552 1975 620 2046 εἴτε
648 1974 796 2057 πλείονα,
834 1975 901 2046 ε’ίτε
938 1971 1106 2047 ε’λιίττονα
1138 1979 1205 2046 τῶν
1234 1975 1403 2074 εἰρημένων

251 2231 386 2320 Spiritus
400 2232 433 2297 in
448 2254 572 2298 omnem
590 2232 675 2297 misit
697 2239 823 2312 terram,
839 2240 1005 2320 protegens
1025 2255 1082 2299 nos
1100 2232 1158 2298 alis
1174 2231 1249 2298 suis.
1294 2229 1403 2314 Qualis

249 2334 347 2424 igitur
369 2335 529 2422 dispositio
553 2335 626 2400 Filii
647 2337 718 2416 Dei,
744 2337 817 2403 talis
844 2345 877 2402 et
898 2337 1077 2401 animalium
1099 2338 1216 2402 forma:
1249 2341 1282 2400 et
1303 2332 1403 2420 qualis

248 2439 429 2506 animalium
461 2441 569 2519 forma,
600 2440 672 2506 talis
700 2447 733 2506 et
761 2439 922 2506 character
950 2440 1122 2527 Evangelii.
1176 2437 1404 2522 Quadriformia

248 2551 355 2610 autem
391 2543 547 2624 animalia,
580 2552 613 2610 et
643 2545 850 2632 quadriforme
877 2544 1091 2631 Evangelium‚
1124 2551 1157 2609 et
1186 2541 1403 2629 quadriformis

146 2709 148 2712 .
249 2646 410 2734 dispositio
425 2647 563 2713 Domini.
608 2647 652 2713 Et
667 2657 794 2735 propter
809 2649 869 2713 hoc
884 2657 1017 2733 quatuor
1030 2648 1105 2712 data
1127 2655 1201 2713 sunt
1215 2652 1403 2711 testamenta

249 2749 385 2815 hnmano
409 2751 533 2837 generi;
564 2773 660 2815 unum
689 2752 814 2838 quidem
839 2760 914 2816 ante
938 2751 1161 2838 cataclysmum
1191 2751 1249 2817 sub
1272 2750 1400 2823 Adam;

249 2855 419 2919 secundum
428 2876 509 2933 vero,
520 2862 592 2940 post
604 2854 825 2941 cataclysmum
835 2855 893 2920 snb
906 2854 994 2930 Noe3
1019 2855 1146 2919 tertium
1157 2875 1238 2930 vero,
1251 2852 1404 2940 legislatio

249 2957 308 3021 sub
325 2956 455 3042 Moyse;
478 2963 622 3041 quartum
637 2978 719 3037 vero,
735 2958 817 3043 qnod
832 2965 959 3022 renovat
979 2957 1146 3035 hominem,
1166 2966 1199 3022 et
1220 2956 1404 3042 recapitulat

248 3058 282 3123 in
305 3079 340 3123 se
355 3058 468 3136 omnia,
492 3059 576 3145 quod
605 3067 654 3124 est
673 3081 728 3144 per
750 3058 964 3147 Evangelium,
994 3058 1119 3125 elevans
1142 3067 1175 3124 et
1197 3059 1404 3146 pennigerans

248 3160 390 3226 homines
413 3160 445 3225 in
469 3161 595 3226 coeleste
618 3184 757 3249 regnum.

315 3266 366 3330 12.
414 3263 477 3329 His
498 3263 593 3351 igitur
612 3264 657 3329 sio
681 3287 716 3329 se
737 3265 933 3344 habentibus,
949 3266 1019 3330 vani
1042 3287 1160 3343 omnes,
1175 3273 1208 3330 et
1228 3265 1354 3344 indocti,
1371 3273 1404 3330 et

248 3365 375 3451 insuper
392 3368 538 3445 audaces,
556 3367 608 3452 qui
626 3367 814 3433 frustrantur
830 3368 966 3454 speciem
989 3368 1161 3455 Evangelii,
1182 3375 1215 3434 et
1234 3368 1280 3433 vel
1298 3368 1402 3455 plures

247 3563 315 3623 τάξιν
325 3564 356 3612 be
367 3567 412 3612 not
422 3564 465 3612 θνα
471 3563 532 3612 falae
542 3564 644 3627 reading
653 3582 660 3625 ;
670 3564 708 3612 for
719 3565 745 3613 in
757 3565 800 3614 θνα
850 3566 890 3613 καί
902 3565 1027 3623 σκετάζινν
1038 3565 1099 3624 ἡμᾶς
1111 3567 1163 3615 ταῖς
1178 3567 1265 3615 ἑαυτοῦ
1281 3567 1399 3629 nepveu.

248 3650 351 3695 context
366 3644 436 3695 three
452 3645 546 3694 several
562 3645 742 3709 disponsatione
758 3663 800 3695 are
850 3645 917 3694 How
928 3646 1002 3709 frlgid
1019 3662 1051 3694 an
1071 3647 1208 3710 exposition
1228 3652 1255 3696 to
1272 3663 1316 3712 say
1334 3648 1398 3707 that,

248 3727 387 3791 compared,
412 3727 463 3775 and
483 3727 527 3776 θνα
549 3728 678 3791 operation
705 3728 733 3776 of
756 3729 800 3778 the
849 3727 958 3791 midway
977 3728 1088 3776 between
1107 3729 1176 3777 these
1195 3729 1304 3792 glorious
1323 3730 1401 3778 mani·

247 3808 327 3858 Word
336 3809 363 3858 in
375 3810 435 3857 each
446 3809 467 3857 is
478 3809 637 3858 describedin
645 3811 706 3859 such
717 3827 732 3859 s
744 3826 800 3874 way
849 3808 977 3858 sentations
986 3810 1015 3858 of
1023 3811 1066 3858 θνα
1074 3811 1158 3875 Deity‚
1170 3811 1213 3860 θνα
1219 3810 1298 3859 Word
1304 3811 1402 3859 shewed

246 3908 275 3942 aa
291 3898 318 3942 to
334 3892 388 3941 lead
400 3897 431 3941 ‘to
447 3893 490 3941 θνα
501 3893 664 3956 supposition,
683 3894 740 3943 that
756 3893 800 3942 the
849 3891 950 3941 himself
968 3908 995 3940 aa
1017 3893 1060 3941 the
1087 3894 1214 3957 dispenser
1243 3893 1272 3941 of
1298 3893 1401 3958 priostly

246 3974 392 4024 ministerial
414 3974 579 4037 significative
604 3979 653 4034 act,
682 3974 732 4023 and
755 3980 799 4024 not
849 3973 913 4021 rank
930 3973 1009 4021 under
1025 3974 1068 4023 the
1086 3974 1148 4023 law!
1184 3974 1237 4024 The
1256 3974 1401 4023 ministerial

245 4054 797 4115 thoministarialordar,wouldbeinstancad,
848 4060 901 4104 acts
918 4055 974 4104 that
990 4055 1176 4105 foreahadowed
1190 4056 1276 4105 Christ
1291 4071 1358 4104 seem
1373 4059 1401 4105 to

247 4139 331 4198 πρᾶξις
348 4138 375 4185 in
391 4138 452 4199 fact,
471 4137 521 4186 and
540 4142 585 4186 not
598 4138 671 4197 τάξις.
705 4136 739 4184 In
755 4137 799 4185 θνα
847 4135 1001 4184 beinmuch
1012 4137 1093 4186 better
1103 4137 1217 4201 heeping.

245 4217 301 4266 first
327 4235 356 4267 or
382 4219 532 4283 patriarchal
559 4219 728 4284 dispensation
755 4218 799 4268 θνα
896 4214 1071 4266 lammina
1097 4225 1118 4266 α
1146 4219 1287 4277 ammam,
1316 4217 1401 4267 oraim

245 4298 325 4348 Word
343 4302 456 4350 revaaled
474 4301 575 4350 himself
591 4302 655 4350 κατὰ
673 4302 700 4349 τὸ
723 4301 800 4349 θεΐκὸν
846 4304 917 4361 pacto
928 4298 977 4348 Da·
988 4315 1043 4348 cam
1053 4299 1158 4359 Adnmo,
1172 4299 1245 4348 aliud
1256 4315 1311 4348 οιιοι
1321 4299 1401 4348 Abro-

247 4381 289 4428 raf
308 4382 408 4441 ἔνδοξον·
425 4382 452 4430 in
470 4383 513 4431 the
531 4381 657 4431 Christian
676 4381 799 4444 dispensa
847 4379 919 4429 hamo
930 4380 1089 4432 interseram:
1105 4382 1170 4431 ιιιιθα
1182 4382 1266 4433 Groeca
1277 4381 1402 4431 αΙιιαίιιιὶν

246 4464 301 4513 θον
322 4463 353 4511 he
374 4462 483 4512 brooded
501 4479 561 4512 over
579 4464 622 4513 θνα
641 4464 694 4512 face
711 4463 740 4512 of
756 4463 799 4512 θνα
847 4462 876 4510 fn
886 4478 935 4511 ααο
945 4471 1015 4527 atproe
1025 4465 1100 4514 altero
1110 4470 1223 4514 εοιυυναθ
1232 4470 1288 4512 rant
1294 4462 1399 4513 θιύεκια.

246 4544 326 4595 whole
342 4544 421 4603 carth,
440 4545 581 4608 conferring
597 4545 711 4608 spiritual
728 4544 795 4608 gista,
848 4544 950 4594 θωνα.
