3000 4994
485 359 630 412 cAEcuu
657 358 826 412 sauavru
852 360 960 412 mma.
1231 346 1298 411 365

145 515 238 594 ditur,
263 515 316 603 qui
335 515 403 581 hacc
418 514 503 592 facit,
525 522 557 579 et
577 514 643 601 ipse
663 515 763 580 bonus
779 514 885 592 Pater,
909 514 1044 601 benigne
1064 514 1159 580 vitam
1179 514 1299 581 donans
1342 533 1431 618 ἕξιν.

145 618 195 684 his
210 620 318 706 quiex
333 642 368 684 se
382 641 445 684 non
460 617 613 683 ¹habeant
628 618 735 684 vitam.
1321 608 1447 711 Gfflglp

210 727 242 789 2.
282 723 327 789 Et
349 731 475 808 propter
497 724 557 788 hoc
584 722 837 788 manifestissime
865 723 1020 789 Dominus
1047 724 1183 790 ostendit
1207 746 1242 789 se
1265 733 1298 789 et
1316 721 1460 801 ..¹.''.¹-'..

145 826 275 923 Patrem
301 826 426 914 quidem
455 825 521 890 suis
549 825 719 911 discipulis,
749 849 789 892 ne
817 827 937 893 scilicet
966 837 1140 915 quaererent
1166 828 1299 893 alterum

44 941 121 981 Μ
145 929 259 1008 Deum,
284 937 397 1014 praeter
418 950 489 992 eum
514 927 567 1014 qui
580 923 787 1013 ¹plasmaverit
812 928 981 1006 hominem,
1009 938 1041 995 et
1063 930 1203 995 afflatum
1226 929 1299 995 vitae

144 1032 305 1097 donaverit
326 1032 375 1106 ei;
402 1052 503 1116 neque
525 1031 557 1093 in
580 1038 701 1095 tantam
722 1031 876 1095 insaniam
898 1031 1110 1118 procederent,
1137 1032 1183 1097 uti
1206 1054 1299 1119 super

144 1136 353 1226 Demiurgum
366 1137 498 1202 alterum
512 1137 696 1223 effingerent
710 1144 842 1223 patrem.
882 1137 926 1201 Et
942 1136 1011 1202 ideo
1026 1137 1159 1224 reliquos
1173 1138 1298 1223 quidem

144 1262 262 1320 omnes,
278 1241 512 1327 quibuscunque
531 1250 658 1326 propter
672 1239 953 1327 transgressionem
970 1246 1095 1305 2eorum
1115 1242 1298 1307 eveniebant

144 1342 318 1430 languores,
334 1344 463 1409 curabat
481 1364 639 1408 sermone:
663 1343 776 1429 quibus
790 1352 823 1408 et
837 1343 975 1408 dicebat:
999 1344 1079 1409 Ecca
1092 1348 1386 1430 mensuraverat.
1398 1378 1425 1415 n.

145 1467 184 1522 aa,
201 1446 273 1530 jam
292 1446 356 1511 noli
367 1467 509 1532 peccora,
533 1467 570 1510 aa
589 1444 667 1531 quid
679 1443 735 1509 tibi
749 1445 882 1509 deterius
892 1446 977 1526 ficu,-
998 1445 1201 1510 manifestans
1221 1467 1296 1532 quo·

144 1548 229 1612 niam
258 1557 383 1635 propter
411 1547 628 1613 inobedientiae
656 1555 820 1633 peccatum
848 1548 1006 1613 subsecuti
1032 1557 1106 1613 sunt
1131 1549 1297 1635 languores

144 1650 329 1717 hominibus.
375 1650 416 1716 Ei
431 1660 537 1716 autem
552 1650 606 1737 qui
620 1672 724 1716 caecus
741 1651 842 1716 luerat
856 1672 876 1715 a
891 1651 1065 1729 nativitate,
1083 1652 1150 1737 jam
1165 1673 1227 1716 non
1241 1673 1297 1737 per

143 1775 327 1833 sermonem,
347 1753 403 1819 sed
417 1776 473 1838 per
487 1753 696 1840 operationem
712 1753 858 1839 praestitit
873 1753 987 1829 visum;
1010 1776 1073 1819 non
1087 1776 1175 1833 vane,
1196 1775 1297 1839 nequa

144 1866 235 1942 prout
254 1857 355 1923 evenit
369 1857 429 1923 hoc
444 1857 570 1935 iaciens,
591 1856 647 1922 sed
663 1867 699 1920 ut
719 1857 897 1921 ostenderet
912 1879 1037 1921 manum
1053 1857 1125 1935 Dei,
1142 1879 1211 1922 eam
1226 1879 1296 1943 quae

142 1962 183 2026 ab
202 1961 291 2026 initio
311 1960 474 2047 plasmavit
488 1960 653 2025 hominem.
699 1959 744 2024 Et
763 1967 927 2046 propterea
948 1961 1211 2047 interrogantibus
1224 1981 1296 2024 eum

143 2062 310 2149 discipulis,
327 2085 388 2151 qua
402 2085 442 2128 ex
456 2085 551 2129 causa
565 2085 668 2128 caecus
682 2074 775 2128 natus
789 2074 883 2140 esset,
904 2073 1049 2129 utrumne
1062 2085 1121 2128 sua
1131 2086 1173 2128 an
1187 2084 1296 2150 pareu-

143 2178 210 2231 tum
225 2168 337 2252 culpa!
357 2167 419 2232 ait:
443 2167 511 2231 Neo
520 2167 570 2231 lvio
578 2168 728 2253 peccauit,
743 2189 835 2253 neque
842 2176 989 2252 parentes
1002 2167 1074 2249 cyffua
1089 2167 1143 2232 aad
1152 2177 1186 2232 at
1197 2167 1292 2232 naoni-
1307 2189 1356 2229 aaa
1366 2189 1424 2228 aa

134 2271 289 2353 festarum
314 2291 406 2356 opero
432 2269 495 2334 Da·
519 2271 554 2333 iu
579 2271 652 2354 ipro.
699 2270 803 2354 Opera
830 2276 936 2332 autem
966 2267 1027 2333 Dei
1056 2268 1220 2354 plasmatio
1246 2280 1296 2335 est

142 2371 287 2438 hominis.
320 2372 414 2438 Hanc
425 2371 508 2436 enim
519 2375 591 2457 ³per
601 2372 811 2457 operationem
824 2370 907 2449 lecit,
920 2370 1180 2455 quemadmodum
1192 2372 1295 2457 Scrip-

142 2485 214 2540 tura
226 2477 285 2541 ait:
302 2476 347 2541 Et
359 2477 466 2541 eumad
477 2477 628 2540 Dour-ioue
643 2475 748 2540 lineum
761 2475 798 2538 de
810 2484 905 2551 tarro,
922 2484 950 2539 at
957 2474 1126 2560 placitavit
1137 2475 1294 2541 heminam.
1308 2493 1359 2532 aen.
1368 2492 1388 2531 u
1398 2493 1416 2536 7.

38 2607 123 2648 uara.
144 2580 339 2666 Quapropter
358 2589 391 2645 et
413 2579 568 2644 Dominus
585 2577 710 2663 exspuit
724 2577 758 2641 in
772 2585 897 2653 terram,
918 2585 951 2641 et
969 2577 1043 2641 fecit
1061 2576 1172 2653 lutum,
1194 2587 1227 2640 et
1242 2599 1294 2641 su-

142 2682 296 2767 perlinivit
316 2681 391 2747 illud
412 2680 510 2747 oculis
527 2680 695 2745 ostendens
711 2679 871 2764 antiquam
891 2677 1127 2764 plasmationem
1149 2678 1294 2763 quemad·

142 2784 269 2848 modum
291 2785 374 2850 lacta
395 2793 454 2859 est,
477 2791 511 2848 et
533 2803 659 2846 manum
678 2781 740 2846 Dei
760 2781 962 2846 manifestans
981 2780 1031 2844 his
1051 2780 1103 2866 qui
1126 2780 1295 2866 intelligere

142 2887 272 2972 possint,
291 2909 346 2972 per
369 2907 462 2973 quam
480 2885 589 2950 elimo
612 2884 783 2970 plasmatus
805 2891 855 2948 est
877 2884 982 2949 homo.
1027 2884 1118 2966 Quod
1140 2884 1224 2947 enim
1245 2884 1296 2948 3ἱιι

141 2999 248 3054 ventre
274 2990 427 3076 plasmare
452 2989 650 3073 praetermisit
673 2989 786 3053 artifex
811 2987 964 3067 Verbum,
991 2988 1050 3053 hoc
1077 2987 1109 3051 in
1132 2988 1295 3053 manifesto

142 3091 335 3177 adimplevit3
360 3090 406 3154 uti
426 3090 697 3156 manifestarentur
717 3112 812 3176 opera
832 3091 891 3155 Dei
910 3091 1037 3175 inipso,
1058 3113 1116 3156 nec
1132 3092 1199 3176 jam
1219 3091 1296 3155 alte·

142 3215 208 3257 ram
223 3193 448 3279 requireremus
463 3214 599 3270 uranum,
620 3198 632 3234 ⁴
637 3215 692 3280 per
712 3215 804 3280 quam
823 3193 994 3278 plasmatus
1008 3203 1058 3259 est
1072 3194 1175 3270 homo,
1196 3217 1297 3282 nequa

143 3296 275 3361 alterum
296 3305 432 3381 patrem:
456 3297 590 3360 scientes
612 3297 758 3381 quoniam
782 3321 852 3384 quae
874 3299 1038 3384 plasmavit
1061 3320 1118 3363 nos
1142 3298 1240 3377 initio,
1263 3309 1296 3364 et

144 3399 278 3484 plasmat
292 3400 324 3463 in
338 3407 444 3464 ventre
459 3421 569 3465 manus
584 3399 655 3479 Dei,
672 3401 739 3466 baec
753 3402 787 3465 in
801 3402 976 3468 novissimis
990 3403 1181 3490 temporibus
1195 3403 1297 3489 perdi·

144 3515 195 3566 tos
210 3501 374 3588 exquisivit
392 3524 458 3580 nos,
474 3524 562 3567 suam
577 3503 789 3570 ⁵lucrilaciens
807 3513 840 3570 et
858 3526 951 3592 super
970 3505 1115 3571 humeros
1134 3527 1297 3570 assumens

144 3627 234 3670 ovem
247 3604 411 3690 perditam,
426 3617 458 3670 et
473 3628 544 3670 cum
559 3606 766 3692 gratulatione
786 3607 818 3670 in
838 3608 998 3673 cohortem
1014 3608 1182 3672 restituens
1198 3608 1281 3672 vitae.

209 3713 240 3775 3.
288 3709 440 3791 Quoniam
462 3719 567 3774 autem
589 3709 621 3772 in
636 3717 742 3774 ventre
764 3710 898 3794 plasmat
920 3732 978 3776 nos
994 3709 1136 3774 Verbum
1157 3708 1229 3785 Dei,
1251 3709 1297 3774 ait

146 3812 334 3877 Hieremiae:
369 3811 560 3898 Pmoaqrrom
574 3812 766 3898 plasmarem
785 3822 813 3877 ta
834 3813 869 3876 iu
890 3821 974 3877 utero
996 3812 1066 3875 naci
1084 3821 1122 3887 ta,
1146 3821 1174 3874 et
1188 3813 1296 3896 priua·
1308 3826 1402 3866 ωε·

146 3938 238 4001 quom
261 3917 379 3981 ⁶eniraa
397 3916 435 3981 do
460 3915 553 3979 culco
581 3915 772 3996 aoumfflcaoi
795 3923 832 3992 ta,
856 3924 884 3979 et
895 3913 1075 3999 proplietam
1103 3914 1139 3977 ia
1161 3912 1297 3999 pauidus

140 4022 231 4104 pomi
245 4030 282 4086 ta.
329 4019 410 4084 ⁶Sed
425 4028 457 4084 et
473 4018 592 4084 Paulus
609 4017 751 4086 similiter
768 4018 829 4083 ait:
856 4017 985 4098 Quaado
1002 4026 1104 4082 autem
1118 4016 1298 4103 aonvplocuit
1310 4035 1375 4075 our.
1385 4035 1454 4083 unu

196 4241 206 4274 ¹
222 4242 333 4303 babeam,
351 4241 405 4302 Cu,
424 4243 484 4304 Au,
499 4241 588 4303 Voss,
607 4241 695 4292 Multo.
796 4239 807 4273 ⁴
820 4256 866 4305 pet·
877 4255 950 4305 quam
961 4239 1066 4290 omitted
1077 4240 1103 4290 in
1113 4240 1157 4290 the
1168 4239 1269 4290 Chullu.

149 4334 187 4383 11.‚
202 4324 247 4374 but
259 4325 355 4373 (lunas
366 4323 490 4374 lababunt.
798 4320 809 4354 ³
825 4321 989 4387 luem'fuer'ens,
1013 4321 1135 4374 uuonan.
1173 4325 1297 4386 κερδήσας,

197 4402 209 4436 ¹
224 4404 321 4467 quidem
331 4404 439 4454 inserted
450 4406 503 4454 AB.
750 4404 826 4464 τάξιν,

198 4483 209 4517 ⁸
226 4486 278 4534 Aa.
297 4486 372 4534 omits
385 4500 438 4548 per,
459 4484 509 4535 and
524 4484 563 4533 sor
579 4484 607 4532 in
623 4487 701 4532 rantra
800 4485 811 4518 ⁶
828 4487 884 4548 On,
894 4488 955 4546 Aa,
967 4482 1194 4546 Voss.,Var.,but
1206 4485 1301 4536 Graan

147 4566 276 4627 nimature,
290 4566 324 4617 ib.
336 4566 429 4617 {amit
438 4566 591 4629 remorumve.
749 4566 935 4630 progredereris.
969 4565 1011 4616 aad
1022 4565 1126 4617 onaitted
1137 4567 1163 4617 in
1175 4569 1218 4619 tha
1230 4568 1274 4618 Gt.

253 4671 328 4719 von.
347 4670 381 4717 u.
1165 4656 1219 4718 ‘t‘a
