<?xml version="1.0" encoding="UTF-8"?>
<!DOCTYPE html PUBLIC "-//W3C//DTD XHTML 1.0 Transitional//EN"
    "http://www.w3.org/TR/xhtml1/DTD/xhtml1-transitional.dtd">
<html xmlns="http://www.w3.org/1999/xhtml" xml:lang="en" lang="en">
 <head>
  <title>
</title>
<meta http-equiv="Content-Type" content="text/html;charset=utf-8" />
  <meta name='ocr-system' content='tesseract 3.04.00' />
  <meta name='ocr-capabilities' content='ocr_page ocr_carea ocr_par ocr_line ocrx_word'/>
</head>
<body>
  <div class='ocr_page' id='page_1' title='image "./sanctiirenaeiep00harvgoog_0234.png"; bbox 0 0 3000 4994; ppageno 0'>
   <div class='ocr_carea' id='block_1_1' title="bbox 569 329 1293 401">
    <p class='ocr_par' dir='ltr' id='par_1_1' title="bbox 569 329 1293 401">
     <span class='ocr_line' id='line_1_1' title="bbox 569 329 1293 401; baseline -0.008 -2"><span class='ocrx_word' id='word_1_1' title='bbox 569 346 867 401; x_wconf 75' lang='lat' dir='ltr'>arecannrmcn.</span> <span class='ocrx_word' id='word_1_2' title='bbox 887 356 890 367; x_wconf 87' lang='lat'>··</span> <span class='ocrx_word' id='word_1_3' title='bbox 1227 329 1293 393; x_wconf 81' lang='lat'>223</span> 
     </span>
    </p>
   </div>
   <div class='ocr_carea' id='block_1_2' title="bbox 140 497 1431 586">
    <p class='ocr_par' dir='ltr' id='par_1_2' title="bbox 140 497 1431 586">
     <span class='ocr_line' id='line_1_2' title="bbox 140 497 1431 586; baseline -0.005 -19"><span class='ocrx_word' id='word_1_4' title='bbox 140 501 240 567; x_wconf 80' lang='lat' dir='ltr'>cicccc</span> <span class='ocrx_word' id='word_1_5' title='bbox 250 501 355 567; x_wconf 68' lang='lat' dir='ltr'>crenis</span> <span class='ocrx_word' id='word_1_6' title='bbox 366 511 394 564; x_wconf 86' lang='lat' dir='ltr'>et</span> <span class='ocrx_word' id='word_1_7' title='bbox 408 501 588 586; x_wconf 80' lang='lat' dir='ltr'>inferorum.</span> <span class='ocrx_word' id='word_1_8' title='bbox 619 499 664 565; x_wconf 88' lang='lat' dir='ltr'>Et</span> <span class='ocrx_word' id='word_1_9' title='bbox 677 506 748 586; x_wconf 89' lang='lat' dir='ltr'>post</span> <span class='ocrx_word' id='word_1_10' title='bbox 760 498 828 564; x_wconf 86' lang='lat' dir='ltr'>haec</span> <span class='ocrx_word' id='word_1_11' title='bbox 839 497 872 562; x_wconf 90' lang='lat' dir='ltr'>in</span> <span class='ocrx_word' id='word_1_12' title='bbox 886 498 1022 563; x_wconf 86' lang='lat' dir='ltr'>secunda</span> <span class='ocrx_word' id='word_1_13' title='bbox 1033 497 1150 563; x_wconf 82' lang='lat' dir='ltr'>visione</span> <span class='ocrx_word' id='word_1_14' title='bbox 1162 499 1293 564; x_wconf 89' lang='lat' dir='ltr'>eundem</span> <span class='ocrx_word' id='word_1_15' title='bbox 1328 515 1382 555; x_wconf 77' lang='lat' dir='ltr'>ua</span> <span class='ocrx_word' id='word_1_16' title='bbox 1391 517 1431 557; x_wconf 79' lang='lat' dir='ltr'>ur.</span> 
     </span>
    </p>
   </div>
   <div class='ocr_carea' id='block_1_3' title="bbox 142 567 1437 693">
    <p class='ocr_par' dir='ltr' id='par_1_3' title="bbox 142 567 1437 693">
     <span class='ocr_line' id='line_1_3' title="bbox 142 567 1437 693; baseline -0.002 -26"><span class='ocrx_word' id='word_1_17' title='bbox 142 603 313 668; x_wconf 91' lang='lat' dir='ltr'>Dominum</span> <span class='ocrx_word' id='word_1_18' title='bbox 330 603 452 668; x_wconf 83' lang='lat' dir='ltr'>videns:</span> <span class='ocrx_word' id='word_1_19' title='bbox 484 602 560 667; x_wconf 82' lang='lat' dir='ltr'>Vidi</span> <span class='ocrx_word' id='word_1_20' title='bbox 579 603 672 680; x_wconf 88' lang='lat' dir='ltr'>enim,</span> <span class='ocrx_word' id='word_1_21' title='bbox 692 602 803 689; x_wconf 92' lang='lat' dir='ltr'>inquit,</span> <span class='ocrx_word' id='word_1_22' title='bbox 823 602 859 664; x_wconf 81' lang='lat' dir='ltr'>irs</span> <span class='ocrx_word' id='word_1_23' title='bbox 876 601 974 665; x_wconf 83' lang='lat' dir='ltr'>medio</span> <span class='ocrx_word' id='word_1_24' title='bbox 988 600 1098 678; x_wconf 76' lang='lat' dir='ltr'>tironi,</span> <span class='ocrx_word' id='word_1_25' title='bbox 1119 611 1147 666; x_wconf 87' lang='lat' dir='ltr'>ct</span> <span class='ocrx_word' id='word_1_26' title='bbox 1164 611 1295 687; x_wconf 76' lang='lat' dir='ltr'>quatuor</span> <span class='ocrx_word' id='word_1_27' title='bbox 1325 567 1437 693; x_wconf 43' lang='lat' dir='ltr'>²‘illiti-⁹</span> 
     </span>
    </p>
   </div>
   <div class='ocr_carea' id='block_1_4' title="bbox 65 665 1456 3771">
    <p class='ocr_par' dir='ltr' id='par_1_4' title="bbox 65 665 1454 2025">
     <span class='ocr_line' id='line_1_4' title="bbox 65 665 1442 788; baseline 0 -24"><span class='ocrx_word' id='word_1_28' title='bbox 65 727 120 766; x_wconf 81' lang='lat' dir='ltr'>‚aas</span> <span class='ocrx_word' id='word_1_29' title='bbox 141 703 336 780; x_wconf 80' lang='lat' dir='ltr'>animalium,</span> <span class='ocrx_word' id='word_1_30' title='bbox 356 712 384 768; x_wconf 85' lang='lat' dir='ltr'>et</span> <span class='ocrx_word' id='word_1_31' title='bbox 398 704 433 766; x_wconf 82' lang='lat' dir='ltr'>in</span> <span class='ocrx_word' id='word_1_32' title='bbox 451 702 548 766; x_wconf 84' lang='lat' dir='ltr'>medio</span> <span class='ocrx_word' id='word_1_33' title='bbox 557 700 811 788; x_wconf 70' lang='lat' dir='ltr'>presbyterorum,</span> <span class='ocrx_word' id='word_1_34' title='bbox 833 722 946 786; x_wconf 67' lang='lat' dir='ltr'>acaum</span> <span class='ocrx_word' id='word_1_35' title='bbox 963 709 1092 764; x_wconf 77' lang='lat' dir='ltr'>stantem</span> <span class='ocrx_word' id='word_1_36' title='bbox 1111 701 1201 788; x_wconf 82' lang='lat' dir='ltr'>qusai</span> <span class='ocrx_word' id='word_1_37' title='bbox 1218 702 1293 765; x_wconf 89' lang='lat' dir='ltr'>occc&#39;·</span> <span class='ocrx_word' id='word_1_38' title='bbox 1315 665 1442 786; x_wconf 38' lang='lat' dir='ltr'>“Zilil</span> 
     </span>
     <span class='ocr_line' id='line_1_5' title="bbox 138 804 1293 892; baseline -0.001 -23"><span class='ocrx_word' id='word_1_39' title='bbox 138 828 216 882; x_wconf 83' lang='lat' dir='ltr'>sum,</span> <span class='ocrx_word' id='word_1_40' title='bbox 240 804 394 870; x_wconf 76' lang='lat' dir='ltr'>tabentem</span> <span class='ocrx_word' id='word_1_41' title='bbox 417 828 531 869; x_wconf 79' lang='lat' dir='ltr'>corneo</span> <span class='ocrx_word' id='word_1_42' title='bbox 556 815 675 892; x_wconf 81' lang='lat' dir='ltr'>septem,</span> <span class='ocrx_word' id='word_1_43' title='bbox 703 814 730 868; x_wconf 83' lang='lat' dir='ltr'>ct</span> <span class='ocrx_word' id='word_1_44' title='bbox 755 804 850 869; x_wconf 83' lang='lat' dir='ltr'>oculos</span> <span class='ocrx_word' id='word_1_45' title='bbox 874 813 993 888; x_wconf 81' lang='lat' dir='ltr'>septem,</span> <span class='ocrx_word' id='word_1_46' title='bbox 1017 805 1071 889; x_wconf 83' lang='lat' dir='ltr'>qui</span> <span class='ocrx_word' id='word_1_47' title='bbox 1094 814 1293 890; x_wconf 65' lang='lat' dir='ltr'>metropolem</span> 
     </span>
     <span class='ocr_line' id='line_1_6' title="bbox 138 907 1292 995; baseline 0.001 -22"><span class='ocrx_word' id='word_1_48' title='bbox 138 911 266 995; x_wconf 69' lang='lat' dir='ltr'>epiritm</span> <span class='ocrx_word' id='word_1_49' title='bbox 278 910 351 984; x_wconf 83' lang='lat' dir='ltr'>Dei,</span> <span class='ocrx_word' id='word_1_50' title='bbox 367 910 487 974; x_wconf 75' lang='lat' dir='ltr'><strong><em>dimissi</em></strong></span> <span class='ocrx_word' id='word_1_51' title='bbox 500 911 535 974; x_wconf 83' lang='lat' dir='ltr'>ia</span> <span class='ocrx_word' id='word_1_52' title='bbox 550 914 679 974; x_wconf 76' lang='lat' dir='ltr'>loannem</span> <span class='ocrx_word' id='word_1_53' title='bbox 690 919 816 974; x_wconf 84' lang='lat' dir='ltr'>terram.</span> <span class='ocrx_word' id='word_1_54' title='bbox 854 908 898 973; x_wconf 90' lang='lat' dir='ltr'>Et</span> <span class='ocrx_word' id='word_1_55' title='bbox 912 930 1034 972; x_wconf 89' lang='lat' dir='ltr'>rursum</span> <span class='ocrx_word' id='word_1_56' title='bbox 1047 907 1085 971; x_wconf 88' lang='lat' dir='ltr'>de</span> <span class='ocrx_word' id='word_1_57' title='bbox 1100 909 1208 973; x_wconf 91' lang='lat' dir='ltr'>eodem</span> <span class='ocrx_word' id='word_1_58' title='bbox 1225 908 1292 995; x_wconf 91' lang='lat' dir='ltr'>ipso</span> 
     </span>
     <span class='ocr_line' id='line_1_7' title="bbox 138 989 1454 1100; baseline -0.001 -26"><span class='ocrx_word' id='word_1_59' title='bbox 138 1033 221 1098; x_wconf 84' lang='lat' dir='ltr'>agno</span> <span class='ocrx_word' id='word_1_60' title='bbox 235 1012 299 1076; x_wconf 91' lang='lat' dir='ltr'>ait:</span> <span class='ocrx_word' id='word_1_61' title='bbox 322 1012 366 1078; x_wconf 83' lang='lat' dir='ltr'>Et</span> <span class='ocrx_word' id='word_1_62' title='bbox 380 1035 442 1078; x_wconf 89' lang='lat' dir='ltr'>cccc</span> <span class='ocrx_word' id='word_1_63' title='bbox 461 1034 554 1100; x_wconf 58' lang='lat' dir='ltr'>murra</span> <span class='ocrx_word' id='word_1_64' title='bbox 567 1012 664 1091; x_wconf 75' lang='lat' dir='ltr'>albon,</span> <span class='ocrx_word' id='word_1_65' title='bbox 685 1012 782 1098; x_wconf 80' lang='lat' dir='ltr'>etqui</span> <span class='ocrx_word' id='word_1_66' title='bbox 798 1010 917 1076; x_wconf 79' lang='lat' dir='ltr'>cedebat</span> <span class='ocrx_word' id='word_1_67' title='bbox 934 1032 1026 1097; x_wconf 82' lang='lat' dir='ltr'>super</span> <span class='ocrx_word' id='word_1_68' title='bbox 1043 1033 1110 1075; x_wconf 83' lang='lat' dir='ltr'>cum</span> <span class='ocrx_word' id='word_1_69' title='bbox 1128 1009 1293 1076; x_wconf 79' lang='lat' dir='ltr'>occulatur</span> <span class='ocrx_word' id='word_1_70' title='bbox 1303 990 1370 1081; x_wconf 53' lang='lat' dir='ltr'>{lif</span> <span class='ocrx_word' id='word_1_71' title='bbox 1379 989 1423 1029; x_wconf 59' lang='lat'>¹¹⁸</span> <span class='ocrx_word' id='word_1_72' title='bbox 1432 991 1454 1030; x_wconf 84' lang='lat'>¹¹</span> 
     </span>
     <span class='ocr_line' id='line_1_8' title="bbox 130 1113 1292 1202; baseline 0.003 -24"><span class='ocrx_word' id='word_1_73' title='bbox 130 1116 237 1196; x_wconf 79' lang='lat' dir='ltr'>fidelia</span> <span class='ocrx_word' id='word_1_74' title='bbox 250 1126 279 1180; x_wconf 88' lang='lat' dir='ltr'>ct</span> <span class='ocrx_word' id='word_1_75' title='bbox 299 1138 396 1196; x_wconf 83' lang='lat' dir='ltr'>cerus,</span> <span class='ocrx_word' id='word_1_76' title='bbox 410 1125 438 1181; x_wconf 86' lang='lat' dir='ltr'>ct</span> <span class='ocrx_word' id='word_1_77' title='bbox 444 1139 507 1202; x_wconf 84' lang='lat' dir='ltr'>per</span> <span class='ocrx_word' id='word_1_78' title='bbox 512 1118 671 1202; x_wconf 82' lang='lat' dir='ltr'>justitiam</span> <span class='ocrx_word' id='word_1_79' title='bbox 677 1116 804 1199; x_wconf 81' lang='lat' dir='ltr'>judicat</span> <span class='ocrx_word' id='word_1_80' title='bbox 817 1125 846 1181; x_wconf 88' lang='lat' dir='ltr'>ct</span> <span class='ocrx_word' id='word_1_81' title='bbox 852 1124 983 1201; x_wconf 66' lang='lat' dir='ltr'>peccet,</span> <span class='ocrx_word' id='word_1_82' title='bbox 999 1123 1027 1179; x_wconf 82' lang='lat' dir='ltr'>ct</span> <span class='ocrx_word' id='word_1_83' title='bbox 1045 1113 1125 1178; x_wconf 83' lang='lat' dir='ltr'>oculi</span> <span class='ocrx_word' id='word_1_84' title='bbox 1139 1115 1202 1198; x_wconf 78' lang='lat' dir='ltr'>cy&#39;us</span> <span class='ocrx_word' id='word_1_85' title='bbox 1215 1117 1292 1181; x_wconf 83' lang='lat' dir='ltr'>sicut</span> 
     </span>
     <span class='ocr_line' id='line_1_9' title="bbox 130 1215 1292 1305; baseline 0.003 -24"><span class='ocrx_word' id='word_1_86' title='bbox 130 1219 263 1301; x_wconf 80' lang='lat' dir='ltr'>flemme</span> <span class='ocrx_word' id='word_1_87' title='bbox 285 1219 374 1304; x_wconf 70' lang='lat' dir='ltr'>ienis,</span> <span class='ocrx_word' id='word_1_88' title='bbox 401 1229 429 1284; x_wconf 85' lang='lat' dir='ltr'>ct</span> <span class='ocrx_word' id='word_1_89' title='bbox 450 1221 486 1283; x_wconf 85' lang='lat' dir='ltr'>c&#39;rc</span> <span class='ocrx_word' id='word_1_90' title='bbox 508 1221 608 1305; x_wconf 83' lang='lat' dir='ltr'>capita</span> <span class='ocrx_word' id='word_1_91' title='bbox 632 1220 695 1302; x_wconf 83' lang='lat' dir='ltr'>ejus</span> <span class='ocrx_word' id='word_1_92' title='bbox 716 1218 894 1283; x_wconf 80' lang='lat' dir='ltr'>diademato</span> <span class='ocrx_word' id='word_1_93' title='bbox 918 1217 1025 1296; x_wconf 80' lang='lat' dir='ltr'>multo,</span> <span class='ocrx_word' id='word_1_94' title='bbox 1051 1215 1161 1282; x_wconf 71' lang='lat' dir='ltr'>laberis</span> <span class='ocrx_word' id='word_1_95' title='bbox 1187 1240 1292 1284; x_wconf 78' lang='lat' dir='ltr'>nomen</span> 
     </span>
     <span class='ocr_line' id='line_1_10' title="bbox 139 1321 1291 1407; baseline 0.003 -24"><span class='ocrx_word' id='word_1_96' title='bbox 139 1321 295 1405; x_wconf 80' lang='lat' dir='ltr'>scriptum,</span> <span class='ocrx_word' id='word_1_97' title='bbox 318 1323 399 1407; x_wconf 84' lang='lat' dir='ltr'>quod</span> <span class='ocrx_word' id='word_1_98' title='bbox 414 1344 498 1387; x_wconf 83' lang='lat' dir='ltr'>acmo</span> <span class='ocrx_word' id='word_1_99' title='bbox 519 1324 575 1386; x_wconf 85' lang='lat' dir='ltr'>scit</span> <span class='ocrx_word' id='word_1_100' title='bbox 595 1323 658 1386; x_wconf 79' lang='lat' dir='ltr'>aiei</span> <span class='ocrx_word' id='word_1_101' title='bbox 677 1323 755 1407; x_wconf 57' lang='lat' dir='ltr'>urse:</span> <span class='ocrx_word' id='word_1_102' title='bbox 779 1330 807 1386; x_wconf 82' lang='lat' dir='ltr'>ct</span> <span class='ocrx_word' id='word_1_103' title='bbox 822 1321 1066 1385; x_wconf 83' lang='lat' dir='ltr'>circumamictus</span> <span class='ocrx_word' id='word_1_104' title='bbox 1086 1321 1291 1386; x_wconf 81' lang='lat' dir='ltr'>aestimantem</span> 
     </span>
     <span class='ocr_line' id='line_1_11' title="bbox 140 1423 1291 1511; baseline 0.002 -24"><span class='ocrx_word' id='word_1_105' title='bbox 140 1445 295 1509; x_wconf 71' lang='lat' dir='ltr'>aspersum</span> <span class='ocrx_word' id='word_1_106' title='bbox 315 1426 472 1511; x_wconf 63' lang='lat' dir='ltr'>seneciae,</span> <span class='ocrx_word' id='word_1_107' title='bbox 496 1435 525 1490; x_wconf 84' lang='lat' dir='ltr'>ct</span> <span class='ocrx_word' id='word_1_108' title='bbox 542 1435 668 1490; x_wconf 82' lang='lat' dir='ltr'>occatur</span> <span class='ocrx_word' id='word_1_109' title='bbox 687 1446 793 1489; x_wconf 81' lang='lat' dir='ltr'>acmen</span> <span class='ocrx_word' id='word_1_110' title='bbox 811 1424 873 1508; x_wconf 72' lang='lat' dir='ltr'>ejice</span> <span class='ocrx_word' id='word_1_111' title='bbox 899 1423 1028 1488; x_wconf 75' lang='lat' dir='ltr'>Verrem</span> <span class='ocrx_word' id='word_1_112' title='bbox 1044 1423 1117 1488; x_wconf 86' lang='lat' dir='ltr'>Dei.</span> <span class='ocrx_word' id='word_1_113' title='bbox 1149 1424 1194 1490; x_wconf 78' lang='lat' dir='ltr'>Er</span> <span class='ocrx_word' id='word_1_114' title='bbox 1208 1447 1291 1489; x_wconf 86' lang='lat' dir='ltr'>cccr-</span> 
     </span>
     <span class='ocr_line' id='line_1_12' title="bbox 141 1525 1291 1615; baseline 0.003 -25"><span class='ocrx_word' id='word_1_115' title='bbox 141 1530 219 1593; x_wconf 84' lang='lat' dir='ltr'>citue</span> <span class='ocrx_word' id='word_1_116' title='bbox 239 1529 307 1593; x_wconf 77' lang='lat' dir='ltr'>cccli</span> <span class='ocrx_word' id='word_1_117' title='bbox 320 1528 519 1615; x_wconf 78' lang='lat' dir='ltr'>sequebantur</span> <span class='ocrx_word' id='word_1_118' title='bbox 535 1534 620 1594; x_wconf 75' lang='lat' dir='ltr'>²cum</span> <span class='ocrx_word' id='word_1_119' title='bbox 639 1531 673 1593; x_wconf 80' lang='lat' dir='ltr'>ia</span> <span class='ocrx_word' id='word_1_120' title='bbox 691 1530 773 1615; x_wconf 81' lang='lat' dir='ltr'>cquis</span> <span class='ocrx_word' id='word_1_121' title='bbox 791 1527 879 1606; x_wconf 80' lang='lat' dir='ltr'>olbia,</span> <span class='ocrx_word' id='word_1_122' title='bbox 898 1529 997 1592; x_wconf 83' lang='lat' dir='ltr'>restiti</span> <span class='ocrx_word' id='word_1_123' title='bbox 1016 1525 1168 1612; x_wconf 71' lang='lat' dir='ltr'>byssinam</span> <span class='ocrx_word' id='word_1_124' title='bbox 1188 1528 1291 1594; x_wconf 79' lang='lat' dir='ltr'>albrmc</span> 
     </span>
     <span class='ocr_line' id='line_1_13' title="bbox 140 1631 1291 1718; baseline 0.002 -24"><span class='ocrx_word' id='word_1_125' title='bbox 140 1633 302 1697; x_wconf 81' lang='lat' dir='ltr'>mundum:</span> <span class='ocrx_word' id='word_1_126' title='bbox 319 1643 346 1697; x_wconf 87' lang='lat' dir='ltr'>ct</span> <span class='ocrx_word' id='word_1_127' title='bbox 357 1633 413 1697; x_wconf 81' lang='lat' dir='ltr'>³dc</span> <span class='ocrx_word' id='word_1_128' title='bbox 425 1655 475 1697; x_wconf 84' lang='lat' dir='ltr'>oro</span> <span class='ocrx_word' id='word_1_129' title='bbox 489 1633 552 1716; x_wconf 82' lang='lat' dir='ltr'>ejas</span> <span class='ocrx_word' id='word_1_130' title='bbox 561 1631 701 1717; x_wconf 80' lang='lat' dir='ltr'>procedit</span> <span class='ocrx_word' id='word_1_131' title='bbox 715 1631 867 1716; x_wconf 77' lang='lat' dir='ltr'>rornptoeo</span> <span class='ocrx_word' id='word_1_132' title='bbox 882 1641 985 1708; x_wconf 82' lang='lat' dir='ltr'>acuta,</span> <span class='ocrx_word' id='word_1_133' title='bbox 994 1640 1028 1695; x_wconf 85' lang='lat' dir='ltr'>ut</span> <span class='ocrx_word' id='word_1_134' title='bbox 1040 1632 1075 1694; x_wconf 82' lang='lat' dir='ltr'>irc</span> <span class='ocrx_word' id='word_1_135' title='bbox 1090 1653 1126 1696; x_wconf 83' lang='lat' dir='ltr'>aa</span> <span class='ocrx_word' id='word_1_136' title='bbox 1134 1633 1291 1718; x_wconf 81' lang='lat' dir='ltr'>percutiet</span> 
     </span>
     <span class='ocr_line' id='line_1_14' title="bbox 137 1732 1292 1821; baseline 0.002 -25"><span class='ocrx_word' id='word_1_137' title='bbox 137 1743 251 1819; x_wconf 68' lang='lat' dir='ltr'>peotes:</span> <span class='ocrx_word' id='word_1_138' title='bbox 276 1745 304 1799; x_wconf 85' lang='lat' dir='ltr'>ct</span> <span class='ocrx_word' id='word_1_139' title='bbox 317 1735 380 1821; x_wconf 84' lang='lat' dir='ltr'>ipsc</span> <span class='ocrx_word' id='word_1_140' title='bbox 387 1744 494 1820; x_wconf 80' lang='lat' dir='ltr'>pascet</span> <span class='ocrx_word' id='word_1_141' title='bbox 513 1757 559 1799; x_wconf 84' lang='lat' dir='ltr'>cos</span> <span class='ocrx_word' id='word_1_142' title='bbox 573 1735 607 1798; x_wconf 82' lang='lat' dir='ltr'>ia</span> <span class='ocrx_word' id='word_1_143' title='bbox 625 1735 715 1819; x_wconf 74' lang='lat' dir='ltr'>oirqa</span> <span class='ocrx_word' id='word_1_144' title='bbox 723 1735 845 1818; x_wconf 67' lang='lat' dir='ltr'>ferrem</span> <span class='ocrx_word' id='word_1_145' title='bbox 867 1742 895 1798; x_wconf 87' lang='lat' dir='ltr'>ct</span> <span class='ocrx_word' id='word_1_146' title='bbox 912 1733 977 1818; x_wconf 71' lang='lat' dir='ltr'>epse</span> <span class='ocrx_word' id='word_1_147' title='bbox 992 1732 1091 1797; x_wconf 69' lang='lat' dir='ltr'>colem</span> <span class='ocrx_word' id='word_1_148' title='bbox 1110 1733 1210 1798; x_wconf 82' lang='lat' dir='ltr'>lacum</span> <span class='ocrx_word' id='word_1_149' title='bbox 1225 1736 1292 1800; x_wconf 77' lang='lat' dir='ltr'>cirri</span> 
     </span>
     <span class='ocr_line' id='line_1_15' title="bbox 131 1834 1292 1922; baseline 0.002 -21"><span class='ocrx_word' id='word_1_150' title='bbox 131 1838 258 1919; x_wconf 81' lang='lat' dir='ltr'>suroris</span> <span class='ocrx_word' id='word_1_151' title='bbox 282 1838 342 1901; x_wconf 84' lang='lat' dir='ltr'>ircc</span> <span class='ocrx_word' id='word_1_152' title='bbox 363 1837 428 1902; x_wconf 84' lang='lat' dir='ltr'>Dcc&#39;</span> <span class='ocrx_word' id='word_1_153' title='bbox 450 1838 674 1922; x_wconf 53' lang='lat' dir='ltr'>sarmatarum</span> <span class='ocrx_word' id='word_1_154' title='bbox 702 1845 730 1903; x_wconf 84' lang='lat' dir='ltr'>et</span> <span class='ocrx_word' id='word_1_155' title='bbox 751 1834 839 1900; x_wconf 77' lang='lat' dir='ltr'>iulet</span> <span class='ocrx_word' id='word_1_156' title='bbox 862 1856 953 1921; x_wconf 81' lang='lat' dir='ltr'>super</span> <span class='ocrx_word' id='word_1_157' title='bbox 975 1836 1135 1914; x_wconf 71' lang='lat' dir='ltr'>ecetram,</span> <span class='ocrx_word' id='word_1_158' title='bbox 1149 1846 1178 1901; x_wconf 84' lang='lat' dir='ltr'>ct</span> <span class='ocrx_word' id='word_1_159' title='bbox 1201 1858 1292 1922; x_wconf 82' lang='lat' dir='ltr'>super</span> 
     </span>
     <span class='ocr_line' id='line_1_16' title="bbox 131 1938 1291 2025; baseline 0.003 -21"><span class='ocrx_word' id='word_1_160' title='bbox 131 1943 240 2024; x_wconf 83' lang='lat' dir='ltr'>semor</span> <span class='ocrx_word' id='word_1_161' title='bbox 254 1962 351 2019; x_wconf 81' lang='lat' dir='ltr'>auum,</span> <span class='ocrx_word' id='word_1_162' title='bbox 370 1961 476 2004; x_wconf 78' lang='lat' dir='ltr'>comere</span> <span class='ocrx_word' id='word_1_163' title='bbox 490 1941 645 2024; x_wconf 83' lang='lat' dir='ltr'>scriptum,</span> <span class='ocrx_word' id='word_1_164' title='bbox 661 1939 730 2002; x_wconf 81' lang='lat' dir='ltr'>Iicc</span> <span class='ocrx_word' id='word_1_165' title='bbox 743 1939 860 2025; x_wconf 68' lang='lat' dir='ltr'>Bepara</span> <span class='ocrx_word' id='word_1_166' title='bbox 874 1948 902 2002; x_wconf 87' lang='lat' dir='ltr'>ct</span> <span class='ocrx_word' id='word_1_167' title='bbox 916 1938 1066 2002; x_wconf 79' lang='lat' dir='ltr'>Dominus</span> <span class='ocrx_word' id='word_1_168' title='bbox 1080 1940 1291 2008; x_wconf 75' lang='lat' dir='ltr'>Dominarum.</span> 
     </span>
    </p>

    <p class='ocr_par' dir='ltr' id='par_1_5' title="bbox 65 2040 1293 2328">
     <span class='ocr_line' id='line_1_17' title="bbox 65 2040 1291 2128; baseline 0.002 -22"><span class='ocrx_word' id='word_1_169' title='bbox 65 2069 123 2114; x_wconf 69' lang='lat' dir='ltr'>cor.</span> <span class='ocrx_word' id='word_1_170' title='bbox 142 2042 194 2106; x_wconf 92' lang='lat' dir='ltr'>Sic</span> <span class='ocrx_word' id='word_1_171' title='bbox 209 2064 330 2128; x_wconf 83' lang='lat' dir='ltr'>semper</span> <span class='ocrx_word' id='word_1_172' title='bbox 346 2042 488 2106; x_wconf 83' lang='lat' dir='ltr'>Verbum</span> <span class='ocrx_word' id='word_1_173' title='bbox 504 2041 565 2106; x_wconf 92' lang='lat' dir='ltr'>Dei</span> <span class='ocrx_word' id='word_1_174' title='bbox 581 2041 665 2106; x_wconf 86' lang='lat' dir='ltr'>velut</span> <span class='ocrx_word' id='word_1_175' title='bbox 679 2041 867 2105; x_wconf 88' lang='lat' dir='ltr'>lineamenta</span> <span class='ocrx_word' id='word_1_176' title='bbox 880 2062 983 2105; x_wconf 90' lang='lat' dir='ltr'>rerum</span> <span class='ocrx_word' id='word_1_177' title='bbox 997 2040 1170 2106; x_wconf 83' lang='lat' dir='ltr'>futurarum</span> <span class='ocrx_word' id='word_1_178' title='bbox 1186 2043 1291 2122; x_wconf 88' lang='lat' dir='ltr'>habet,</span> 
     </span>
     <span class='ocr_line' id='line_1_18' title="bbox 141 2139 1293 2226; baseline 0.003 -21"><span class='ocrx_word' id='word_1_179' title='bbox 141 2148 173 2205; x_wconf 89' lang='lat' dir='ltr'>et</span> <span class='ocrx_word' id='word_1_180' title='bbox 184 2140 267 2206; x_wconf 86' lang='lat' dir='ltr'>velut</span> <span class='ocrx_word' id='word_1_181' title='bbox 282 2140 402 2226; x_wconf 90' lang='lat' dir='ltr'>species</span> <span class='ocrx_word' id='word_1_182' title='bbox 412 2140 649 2225; x_wconf 81' lang='lat' dir='ltr'>dispositionum</span> <span class='ocrx_word' id='word_1_183' title='bbox 662 2140 768 2204; x_wconf 88' lang='lat' dir='ltr'>Patris</span> <span class='ocrx_word' id='word_1_184' title='bbox 781 2139 958 2204; x_wconf 89' lang='lat' dir='ltr'>hominibus</span> <span class='ocrx_word' id='word_1_185' title='bbox 972 2140 1166 2221; x_wconf 78' lang='lat' dir='ltr'>ostendebat,</span> <span class='ocrx_word' id='word_1_186' title='bbox 1179 2142 1293 2208; x_wconf 85' lang='lat' dir='ltr'>docens</span> 
     </span>
     <span class='ocr_line' id='line_1_19' title="bbox 140 2241 457 2328; baseline 0.006 -23"><span class='ocrx_word' id='word_1_187' title='bbox 140 2263 198 2306; x_wconf 92' lang='lat' dir='ltr'>nos</span> <span class='ocrx_word' id='word_1_188' title='bbox 213 2264 281 2328; x_wconf 89' lang='lat' dir='ltr'>quae</span> <span class='ocrx_word' id='word_1_189' title='bbox 297 2250 370 2307; x_wconf 91' lang='lat' dir='ltr'>sunt</span> <span class='ocrx_word' id='word_1_190' title='bbox 386 2241 457 2307; x_wconf 91' lang='lat' dir='ltr'>Dei.</span> 
     </span>
    </p>

    <p class='ocr_par' dir='ltr' id='par_1_6' title="bbox 140 2343 1294 2639">
     <span class='ocr_line' id='line_1_20' title="bbox 208 2343 1294 2435; baseline 0.004 -25"><span class='ocrx_word' id='word_1_191' title='bbox 208 2350 259 2412; x_wconf 79' lang='lat'>12.</span> <span class='ocrx_word' id='word_1_192' title='bbox 304 2346 377 2411; x_wconf 89' lang='lat' dir='ltr'>Non</span> <span class='ocrx_word' id='word_1_193' title='bbox 395 2345 495 2411; x_wconf 90' lang='lat' dir='ltr'>solum</span> <span class='ocrx_word' id='word_1_194' title='bbox 517 2353 623 2411; x_wconf 89' lang='lat' dir='ltr'>autem</span> <span class='ocrx_word' id='word_1_195' title='bbox 645 2366 701 2430; x_wconf 90' lang='lat' dir='ltr'>per</span> <span class='ocrx_word' id='word_1_196' title='bbox 714 2344 847 2410; x_wconf 74' lang='lat' dir='ltr'>visiones</span> <span class='ocrx_word' id='word_1_197' title='bbox 869 2365 939 2430; x_wconf 88' lang='lat' dir='ltr'>quae</span> <span class='ocrx_word' id='word_1_198' title='bbox 953 2343 1147 2426; x_wconf 79' lang='lat' dir='ltr'>videbantur,</span> <span class='ocrx_word' id='word_1_199' title='bbox 1167 2354 1201 2412; x_wconf 89' lang='lat' dir='ltr'>et</span> <span class='ocrx_word' id='word_1_200' title='bbox 1219 2344 1294 2435; x_wconf 80' lang='lat' dir='ltr'>⁴per</span> 
     </span>
     <span class='ocr_line' id='line_1_21' title="bbox 140 2446 1292 2535; baseline 0.001 -21"><span class='ocrx_word' id='word_1_201' title='bbox 140 2471 299 2515; x_wconf 88' lang='lat' dir='ltr'>sermones</span> <span class='ocrx_word' id='word_1_202' title='bbox 325 2449 377 2535; x_wconf 91' lang='lat' dir='ltr'>qui</span> <span class='ocrx_word' id='word_1_203' title='bbox 403 2449 669 2535; x_wconf 75' lang='lat' dir='ltr'>praeconabantur,</span> <span class='ocrx_word' id='word_1_204' title='bbox 690 2447 746 2511; x_wconf 90' lang='lat' dir='ltr'>sed</span> <span class='ocrx_word' id='word_1_205' title='bbox 767 2455 800 2512; x_wconf 89' lang='lat' dir='ltr'>et</span> <span class='ocrx_word' id='word_1_206' title='bbox 822 2446 856 2510; x_wconf 92' lang='lat' dir='ltr'>in</span> <span class='ocrx_word' id='word_1_207' title='bbox 878 2446 1109 2533; x_wconf 80' lang='lat' dir='ltr'>operationibus</span> <span class='ocrx_word' id='word_1_208' title='bbox 1129 2448 1214 2514; x_wconf 86' lang='lat' dir='ltr'>visus</span> <span class='ocrx_word' id='word_1_209' title='bbox 1242 2459 1292 2516; x_wconf 90' lang='lat' dir='ltr'>est</span> 
     </span>
     <span class='ocr_line' id='line_1_22' title="bbox 141 2550 1289 2639; baseline 0.001 -21"><span class='ocrx_word' id='word_1_210' title='bbox 141 2553 309 2639; x_wconf 89' lang='lat' dir='ltr'>prophetis,</span> <span class='ocrx_word' id='word_1_211' title='bbox 347 2560 382 2617; x_wconf 90' lang='lat' dir='ltr'>ut</span> <span class='ocrx_word' id='word_1_212' title='bbox 415 2574 470 2637; x_wconf 88' lang='lat' dir='ltr'>per</span> <span class='ocrx_word' id='word_1_213' title='bbox 502 2573 556 2616; x_wconf 90' lang='lat' dir='ltr'>eos</span> <span class='ocrx_word' id='word_1_214' title='bbox 591 2550 804 2637; x_wconf 83' lang='lat' dir='ltr'>praefiguraret</span> <span class='ocrx_word' id='word_1_215' title='bbox 833 2558 866 2615; x_wconf 87' lang='lat' dir='ltr'>et</span> <span class='ocrx_word' id='word_1_216' title='bbox 893 2559 1145 2636; x_wconf 81' lang='lat' dir='ltr'>praemonstraret</span> <span class='ocrx_word' id='word_1_217' title='bbox 1175 2552 1289 2619; x_wconf 84' lang='lat' dir='ltr'>lutura.</span> 
     </span>
    </p>

    <p class='ocr_par' dir='ltr' id='par_1_7' title="bbox 140 2653 1456 3771">
     <span class='ocr_line' id='line_1_23' title="bbox 142 2653 1437 2743; baseline 0.001 -23"><span class='ocrx_word' id='word_1_218' title='bbox 142 2656 276 2742; x_wconf 88' lang='lat' dir='ltr'>Propter</span> <span class='ocrx_word' id='word_1_219' title='bbox 286 2656 368 2743; x_wconf 91' lang='lat' dir='ltr'>quod</span> <span class='ocrx_word' id='word_1_220' title='bbox 384 2664 416 2721; x_wconf 87' lang='lat' dir='ltr'>et</span> <span class='ocrx_word' id='word_1_221' title='bbox 434 2656 517 2720; x_wconf 88' lang='lat' dir='ltr'>Osee</span> <span class='ocrx_word' id='word_1_222' title='bbox 530 2653 715 2741; x_wconf 71' lang='lat' dir='ltr'>“prophetes</span> <span class='ocrx_word' id='word_1_223' title='bbox 728 2653 850 2739; x_wconf 87' lang='lat' dir='ltr'>accepit</span> <span class='ocrx_word' id='word_1_224' title='bbox 863 2675 985 2718; x_wconf 81' lang='lat' dir='ltr'>acorem</span> <span class='ocrx_word' id='word_1_225' title='bbox 990 2655 1220 2739; x_wconf 77' lang='lat' dir='ltr'>fornicationis,</span> <span class='ocrx_word' id='word_1_226' title='bbox 1236 2679 1291 2741; x_wconf 93' lang='lat' dir='ltr'>per</span> <span class='ocrx_word' id='word_1_227' title='bbox 1304 2679 1361 2720; x_wconf 68' lang='lat' dir='ltr'>osee</span> <span class='ocrx_word' id='word_1_228' title='bbox 1369 2680 1382 2719; x_wconf 78' lang='lat' dir='ltr'>s</span> <span class='ocrx_word' id='word_1_229' title='bbox 1391 2680 1437 2728; x_wconf 73' lang='lat' dir='ltr'>aa</span> 
     </span>
     <span class='ocr_line' id='line_1_24' title="bbox 141 2757 1291 2846; baseline 0.001 -21"><span class='ocrx_word' id='word_1_230' title='bbox 141 2761 350 2846; x_wconf 89' lang='lat' dir='ltr'>operationem</span> <span class='ocrx_word' id='word_1_231' title='bbox 369 2760 567 2846; x_wconf 85' lang='lat' dir='ltr'>prophetans,</span> <span class='ocrx_word' id='word_1_232' title='bbox 584 2759 728 2843; x_wconf 78' lang='lat' dir='ltr'>quonium</span> <span class='ocrx_word' id='word_1_233' title='bbox 738 2757 927 2843; x_wconf 74' lang='lat' dir='ltr'>fornicando</span> <span class='ocrx_word' id='word_1_234' title='bbox 939 2758 1152 2842; x_wconf 78' lang='lat' dir='ltr'>fornicabitur·</span> <span class='ocrx_word' id='word_1_235' title='bbox 1166 2769 1250 2826; x_wconf 84' lang='lat' dir='ltr'>terro</span> <span class='ocrx_word' id='word_1_236' title='bbox 1269 2784 1291 2826; x_wconf 83' lang='lat' dir='ltr'>c</span> 
     </span>
     <span class='ocr_line' id='line_1_25' title="bbox 140 2859 1292 2949; baseline 0.001 -22"><span class='ocrx_word' id='word_1_237' title='bbox 140 2863 280 2939; x_wconf 76' lang='lat' dir='ltr'>Doctior,</span> <span class='ocrx_word' id='word_1_238' title='bbox 296 2864 355 2928; x_wconf 92' lang='lat' dir='ltr'>hoc</span> <span class='ocrx_word' id='word_1_239' title='bbox 370 2871 428 2942; x_wconf 90' lang='lat' dir='ltr'>est,</span> <span class='ocrx_word' id='word_1_240' title='bbox 445 2862 497 2947; x_wconf 92' lang='lat' dir='ltr'>qui</span> <span class='ocrx_word' id='word_1_241' title='bbox 511 2869 733 2947; x_wconf 88' lang='lat' dir='ltr'>superterram</span> <span class='ocrx_word' id='word_1_242' title='bbox 748 2868 822 2926; x_wconf 88' lang='lat' dir='ltr'>sunt</span> <span class='ocrx_word' id='word_1_243' title='bbox 833 2859 991 2936; x_wconf 85' lang='lat' dir='ltr'>homines;</span> <span class='ocrx_word' id='word_1_244' title='bbox 1015 2869 1048 2927; x_wconf 89' lang='lat' dir='ltr'>et</span> <span class='ocrx_word' id='word_1_245' title='bbox 1062 2862 1100 2927; x_wconf 90' lang='lat' dir='ltr'>de</span> <span class='ocrx_word' id='word_1_246' title='bbox 1114 2863 1292 2949; x_wconf 87' lang='lat' dir='ltr'>hujusmodi</span> 
     </span>
     <span class='ocr_line' id='line_1_26' title="bbox 141 2963 1292 3051; baseline 0.003 -23"><span class='ocrx_word' id='word_1_247' title='bbox 141 2964 316 3031; x_wconf 88' lang='lat' dir='ltr'>hominibus</span> <span class='ocrx_word' id='word_1_248' title='bbox 330 2965 556 3051; x_wconf 89' lang='lat' dir='ltr'>beneplacitum</span> <span class='ocrx_word' id='word_1_249' title='bbox 571 2963 698 3028; x_wconf 89' lang='lat' dir='ltr'>habebit</span> <span class='ocrx_word' id='word_1_250' title='bbox 714 2963 802 3029; x_wconf 89' lang='lat' dir='ltr'>Deus</span> <span class='ocrx_word' id='word_1_251' title='bbox 815 2985 973 3029; x_wconf 84' lang='lat' dir='ltr'>assumere</span> <span class='ocrx_word' id='word_1_252' title='bbox 989 2963 1163 3030; x_wconf 80' lang='lat' dir='ltr'>Ecclesiam</span> <span class='ocrx_word' id='word_1_253' title='bbox 1177 2967 1292 3033; x_wconf 89' lang='lat' dir='ltr'>saucti-</span> 
     </span>
     <span class='ocr_line' id='line_1_27' title="bbox 140 3064 1292 3152; baseline 0.004 -21"><span class='ocrx_word' id='word_1_254' title='bbox 140 3068 294 3133; x_wconf 88' lang='lat' dir='ltr'>ficandam</span> <span class='ocrx_word' id='word_1_255' title='bbox 316 3067 594 3132; x_wconf 83' lang='lat' dir='ltr'>communicatione</span> <span class='ocrx_word' id='word_1_256' title='bbox 614 3064 689 3130; x_wconf 88' lang='lat' dir='ltr'>Filii</span> <span class='ocrx_word' id='word_1_257' title='bbox 707 3066 785 3152; x_wconf 89' lang='lat' dir='ltr'>ejus,</span> <span class='ocrx_word' id='word_1_258' title='bbox 805 3066 887 3131; x_wconf 87' lang='lat' dir='ltr'>sicut</span> <span class='ocrx_word' id='word_1_259' title='bbox 907 3074 940 3131; x_wconf 88' lang='lat' dir='ltr'>et</span> <span class='ocrx_word' id='word_1_260' title='bbox 960 3066 1013 3131; x_wconf 89' lang='lat' dir='ltr'>illa</span> <span class='ocrx_word' id='word_1_261' title='bbox 1031 3068 1226 3135; x_wconf 85' lang='lat' dir='ltr'>sanctificata</span> <span class='ocrx_word' id='word_1_262' title='bbox 1243 3078 1292 3136; x_wconf 87' lang='lat' dir='ltr'>est</span> 
     </span>
     <span class='ocr_line' id='line_1_28' title="bbox 141 3168 1456 3255; baseline 0.002 -20"><span class='ocrx_word' id='word_1_263' title='bbox 141 3171 418 3235; x_wconf 87' lang='lat' dir='ltr'>communicatione</span> <span class='ocrx_word' id='word_1_264' title='bbox 435 3169 605 3255; x_wconf 87' lang='lat' dir='ltr'>prophetae.</span> <span class='ocrx_word' id='word_1_265' title='bbox 652 3168 697 3234; x_wconf 87' lang='lat' dir='ltr'>Et</span> <span class='ocrx_word' id='word_1_266' title='bbox 717 3177 842 3255; x_wconf 92' lang='lat' dir='ltr'>propter</span> <span class='ocrx_word' id='word_1_267' title='bbox 860 3169 920 3234; x_wconf 86' lang='lat' dir='ltr'>hoc</span> <span class='ocrx_word' id='word_1_268' title='bbox 939 3169 1057 3234; x_wconf 91' lang='lat' dir='ltr'>Paulus</span> <span class='ocrx_word' id='word_1_269' title='bbox 1073 3173 1293 3254; x_wconf 79' lang='lat' dir='ltr'>sanctificatam</span> <span class='ocrx_word' id='word_1_270' title='bbox 1306 3191 1456 3231; x_wconf 66' lang='lat' dir='ltr'>morvilla</span> 
     </span>
     <span class='ocr_line' id='line_1_29' title="bbox 141 3272 1294 3356; baseline 0.003 -18"><span class='ocrx_word' id='word_1_271' title='bbox 141 3273 187 3339; x_wconf 91' lang='lat' dir='ltr'>ait</span> <span class='ocrx_word' id='word_1_272' title='bbox 208 3275 359 3356; x_wconf 80' lang='lat' dir='ltr'>infidelem</span> <span class='ocrx_word' id='word_1_273' title='bbox 382 3274 537 3338; x_wconf 80' lang='lat' dir='ltr'>caulicrcm</span> <span class='ocrx_word' id='word_1_274' title='bbox 562 3273 597 3337; x_wconf 78' lang='lat' dir='ltr'>ira</span> <span class='ocrx_word' id='word_1_275' title='bbox 622 3272 690 3337; x_wconf 84' lang='lat' dir='ltr'>ciro</span> <span class='ocrx_word' id='word_1_276' title='bbox 707 3273 809 3355; x_wconf 84' lang='lat' dir='ltr'>fideli.</span> <span class='ocrx_word' id='word_1_277' title='bbox 854 3273 969 3338; x_wconf 89' lang='lat' dir='ltr'>Adhuc</span> <span class='ocrx_word' id='word_1_278' title='bbox 995 3274 1091 3339; x_wconf 87' lang='lat' dir='ltr'>etiam</span> <span class='ocrx_word' id='word_1_279' title='bbox 1116 3275 1197 3340; x_wconf 87' lang='lat' dir='ltr'>filios</span> <span class='ocrx_word' id='word_1_280' title='bbox 1220 3298 1294 3342; x_wconf 88' lang='lat' dir='ltr'>suos</span> 
     </span>
     <span class='ocr_line' id='line_1_30' title="bbox 141 3376 1438 3465; baseline 0.005 -24"><span class='ocrx_word' id='word_1_281' title='bbox 141 3377 311 3443; x_wconf 89' lang='lat' dir='ltr'>nominavit</span> <span class='ocrx_word' id='word_1_282' title='bbox 322 3377 483 3462; x_wconf 88' lang='lat' dir='ltr'>propheta,</span> <span class='ocrx_word' id='word_1_283' title='bbox 493 3376 533 3438; x_wconf 92' lang='lat' dir='ltr'><em>N</em></span> <span class='ocrx_word' id='word_1_284' title='bbox 530 3398 567 3440; x_wconf 88' lang='lat' dir='ltr'>oo</span> <span class='ocrx_word' id='word_1_285' title='bbox 578 3376 817 3441; x_wconf 82' lang='lat' dir='ltr'>miscricordiam</span> <span class='ocrx_word' id='word_1_286' title='bbox 828 3378 1007 3454; x_wconf 62' lang='lat' dir='ltr'>“consecuta</span> <span class='ocrx_word' id='word_1_287' title='bbox 1020 3384 1053 3441; x_wconf 88' lang='lat' dir='ltr'>et</span> <span class='ocrx_word' id='word_1_288' title='bbox 1061 3377 1136 3442; x_wconf 84' lang='lat' dir='ltr'>Noa</span> <span class='ocrx_word' id='word_1_289' title='bbox 1142 3381 1292 3465; x_wconf 79' lang='lat' dir='ltr'>populus:</span> <span class='ocrx_word' id='word_1_290' title='bbox 1307 3408 1364 3447; x_wconf 62' lang='lat' dir='ltr'>om</span> <span class='ocrx_word' id='word_1_291' title='bbox 1373 3408 1387 3446; x_wconf 82' lang='lat' dir='ltr'>r.</span> <span class='ocrx_word' id='word_1_292' title='bbox 1396 3407 1438 3447; x_wconf 71' lang='lat' dir='ltr'>oe</span> 
     </span>
     <span class='ocr_line' id='line_1_31' title="bbox 142 3457 1448 3568; baseline 0.003 -25"><span class='ocrx_word' id='word_1_293' title='bbox 142 3487 186 3559; x_wconf 92' lang='lat' dir='ltr'>ut,</span> <span class='ocrx_word' id='word_1_294' title='bbox 203 3479 462 3565; x_wconf 88' lang='lat' dir='ltr'>quemadmodum</span> <span class='ocrx_word' id='word_1_295' title='bbox 479 3478 650 3565; x_wconf 89' lang='lat' dir='ltr'>Apostolus</span> <span class='ocrx_word' id='word_1_296' title='bbox 664 3479 719 3556; x_wconf 85' lang='lat' dir='ltr'>ait,</span> <span class='ocrx_word' id='word_1_297' title='bbox 733 3480 797 3560; x_wconf 82' lang='lat' dir='ltr'>fiat</span> <span class='ocrx_word' id='word_1_298' title='bbox 811 3480 864 3565; x_wconf 87' lang='lat' dir='ltr'>qui</span> <span class='ocrx_word' id='word_1_299' title='bbox 878 3480 1088 3565; x_wconf 70' lang='lat' dir='ltr'>perpepetue,</span> <span class='ocrx_word' id='word_1_300' title='bbox 1096 3483 1247 3568; x_wconf 79' lang='lat' dir='ltr'>popolus:</span> <span class='ocrx_word' id='word_1_301' title='bbox 1266 3494 1294 3547; x_wconf 84' lang='lat' dir='ltr'>ct</span> <span class='ocrx_word' id='word_1_302' title='bbox 1306 3457 1369 3549; x_wconf 66' lang='lat' dir='ltr'>iios.</span> <span class='ocrx_word' id='word_1_303' title='bbox 1378 3510 1406 3547; x_wconf 73' lang='lat' dir='ltr'>a.</span> <span class='ocrx_word' id='word_1_304' title='bbox 1416 3510 1448 3555; x_wconf 82' lang='lat' dir='ltr'>ss.</span> 
     </span>
     <span class='ocr_line' id='line_1_32' title="bbox 142 3556 1456 3670; baseline 0.001 -22"><span class='ocrx_word' id='word_1_305' title='bbox 142 3587 194 3648; x_wconf 72' lang='lat' dir='ltr'>lce</span> <span class='ocrx_word' id='word_1_306' title='bbox 208 3607 276 3670; x_wconf 79' lang='lat' dir='ltr'>qaue</span> <span class='ocrx_word' id='word_1_307' title='bbox 295 3605 353 3647; x_wconf 82' lang='lat' dir='ltr'>oon</span> <span class='ocrx_word' id='word_1_308' title='bbox 371 3593 413 3647; x_wconf 79' lang='lat' dir='ltr'>cat</span> <span class='ocrx_word' id='word_1_309' title='bbox 426 3583 668 3647; x_wconf 65' lang='lat' dir='ltr'>meacmcordiaro</span> <span class='ocrx_word' id='word_1_310' title='bbox 686 3593 849 3660; x_wconf 79' lang='lat' dir='ltr'>consecuto,</span> <span class='ocrx_word' id='word_1_311' title='bbox 865 3583 1108 3648; x_wconf 82' lang='lat' dir='ltr'>miscricordiam</span> <span class='ocrx_word' id='word_1_312' title='bbox 1123 3595 1293 3650; x_wconf 78' lang='lat' dir='ltr'>consecuta:</span> <span class='ocrx_word' id='word_1_313' title='bbox 1307 3556 1456 3649; x_wconf 52' lang='lat' dir='ltr'>iidem</span> 
     </span>
     <span class='ocr_line' id='line_1_33' title="bbox 142 3683 1296 3771; baseline -0.001 -20"><span class='ocrx_word' id='word_1_314' title='bbox 142 3697 171 3751; x_wconf 83' lang='lat' dir='ltr'>ct</span> <span class='ocrx_word' id='word_1_315' title='bbox 189 3688 224 3750; x_wconf 85' lang='lat' dir='ltr'>irc</span> <span class='ocrx_word' id='word_1_316' title='bbox 244 3687 303 3750; x_wconf 84' lang='lat' dir='ltr'>loco</span> <span class='ocrx_word' id='word_1_317' title='bbox 318 3684 489 3762; x_wconf 75' lang='lat' dir='ltr'>⁷ricbercto,</span> <span class='ocrx_word' id='word_1_318' title='bbox 512 3685 547 3748; x_wconf 81' lang='lat' dir='ltr'>in</span> <span class='ocrx_word' id='word_1_319' title='bbox 569 3706 625 3770; x_wconf 84' lang='lat' dir='ltr'>quo</span> <span class='ocrx_word' id='word_1_320' title='bbox 646 3684 809 3749; x_wconf 79' lang='lat' dir='ltr'>recoletur</span> <span class='ocrx_word' id='word_1_321' title='bbox 828 3685 1037 3771; x_wconf 71' lang='lat' dir='ltr'>aoapcpclcc,</span> <span class='ocrx_word' id='word_1_322' title='bbox 1053 3683 1296 3750; x_wconf 66' lang='lat' dir='ltr'>altercabantur</span> 
     </span>
    </p>
   </div>
   <div class='ocr_carea' id='block_1_5' title="bbox 135 3787 1296 3874">
    <p class='ocr_par' dir='ltr' id='par_1_8' title="bbox 135 3787 1296 3874">
     <span class='ocr_line' id='line_1_34' title="bbox 135 3787 1296 3874; baseline -0.003 -20"><span class='ocrx_word' id='word_1_323' title='bbox 135 3789 203 3873; x_wconf 73' lang='lat' dir='ltr'>ficte·</span> <span class='ocrx_word' id='word_1_324' title='bbox 216 3791 280 3854; x_wconf 86' lang='lat' dir='ltr'>Dci</span> <span class='ocrx_word' id='word_1_325' title='bbox 293 3790 369 3854; x_wconf 84' lang='lat' dir='ltr'>eici.</span> <span class='ocrx_word' id='word_1_326' title='bbox 408 3787 446 3852; x_wconf 93' lang='lat' dir='ltr'>ld</span> <span class='ocrx_word' id='word_1_327' title='bbox 461 3789 543 3874; x_wconf 91' lang='lat' dir='ltr'>quod</span> <span class='ocrx_word' id='word_1_328' title='bbox 558 3809 578 3852; x_wconf 88' lang='lat' dir='ltr'>a</span> <span class='ocrx_word' id='word_1_329' title='bbox 595 3788 747 3874; x_wconf 88' lang='lat' dir='ltr'>propheta</span> <span class='ocrx_word' id='word_1_330' title='bbox 762 3787 865 3874; x_wconf 88' lang='lat' dir='ltr'>typice</span> <span class='ocrx_word' id='word_1_331' title='bbox 883 3809 939 3873; x_wconf 90' lang='lat' dir='ltr'>per</span> <span class='ocrx_word' id='word_1_332' title='bbox 953 3787 1163 3873; x_wconf 89' lang='lat' dir='ltr'>operationem</span> <span class='ocrx_word' id='word_1_333' title='bbox 1178 3787 1296 3852; x_wconf 85' lang='lat' dir='ltr'>iactum</span> 
     </span>
    </p>
   </div>
   <div class='ocr_carea' id='block_1_6' title="bbox 1304 862 1427 911">
    <p class='ocr_par' dir='ltr' id='par_1_9' title="bbox 1304 862 1427 911">
     <span class='ocr_line' id='line_1_35' title="bbox 1304 862 1427 911; baseline -0.008 -11"><span class='ocrx_word' id='word_1_334' title='bbox 1304 862 1371 911; x_wconf 74' lang='lat' dir='ltr'>Apes.</span> <span class='ocrx_word' id='word_1_335' title='bbox 1380 872 1399 900; x_wconf 80' lang='lat' dir='ltr'>v.</span> <span class='ocrx_word' id='word_1_336' title='bbox 1408 862 1427 904; x_wconf 73' lang='grc'>6.</span> 
     </span>
    </p>
   </div>
   <div class='ocr_carea' id='block_1_7' title="bbox 142 3994 1298 4631">
    <p class='ocr_par' dir='ltr' id='par_1_10' title="bbox 192 3994 1202 4058">
     <span class='ocr_line' id='line_1_36' title="bbox 192 3994 1202 4058; baseline -0.001 -14"><span class='ocrx_word' id='word_1_337' title='bbox 192 3996 200 4027; x_wconf 91' lang='lat'>¹</span> <span class='ocrx_word' id='word_1_338' title='bbox 219 4011 318 4056; x_wconf 76' lang='lat' dir='ltr'>ornnem,</span> <span class='ocrx_word' id='word_1_339' title='bbox 341 3997 452 4055; x_wconf 70' lang='lat' dir='ltr'>Cannu„</span> <span class='ocrx_word' id='word_1_340' title='bbox 465 3996 516 4044; x_wconf 81' lang='lat' dir='ltr'>Aa.</span> <span class='ocrx_word' id='word_1_341' title='bbox 537 3995 586 4043; x_wconf 85' lang='lat' dir='ltr'>and</span> <span class='ocrx_word' id='word_1_342' title='bbox 604 3994 693 4058; x_wconf 71' lang='lat' dir='ltr'>Vulg,</span> <span class='ocrx_word' id='word_1_343' title='bbox 744 3994 832 4053; x_wconf 84' lang='lat' dir='ltr'>words,</span> <span class='ocrx_word' id='word_1_344' title='bbox 847 4001 881 4054; x_wconf 83' lang='lat' dir='ltr'>ut,</span> <span class='ocrx_word' id='word_1_345' title='bbox 895 3994 1030 4056; x_wconf 75' lang='lat' dir='ltr'>Apostolus,</span> <span class='ocrx_word' id='word_1_346' title='bbox 1044 3994 1094 4042; x_wconf 84' lang='lat' dir='ltr'>and</span> <span class='ocrx_word' id='word_1_347' title='bbox 1105 4009 1133 4042; x_wconf 84' lang='lat' dir='ltr'>cc</span> <span class='ocrx_word' id='word_1_348' title='bbox 1144 4008 1202 4056; x_wconf 76' lang='lat' dir='ltr'>que.</span> 
     </span>
    </p>

    <p class='ocr_par' dir='ltr' id='par_1_11' title="bbox 142 4074 1296 4220">
     <span class='ocr_line' id='line_1_37' title="bbox 142 4074 1295 4128; baseline -0.003 -1"><span class='ocrx_word' id='word_1_349' title='bbox 142 4078 189 4127; x_wconf 89' lang='lat' dir='ltr'>but</span> <span class='ocrx_word' id='word_1_350' title='bbox 200 4077 294 4127; x_wconf 76' lang='lat' dir='ltr'>Graan</span> <span class='ocrx_word' id='word_1_351' title='bbox 307 4078 356 4126; x_wconf 87' lang='lat' dir='ltr'>and</span> <span class='ocrx_word' id='word_1_352' title='bbox 368 4078 455 4128; x_wconf 74' lang='lat' dir='ltr'>Mass.</span> <span class='ocrx_word' id='word_1_353' title='bbox 467 4077 612 4126; x_wconf 69' lang='lat' dir='ltr'>ursiaci-com.</span> <span class='ocrx_word' id='word_1_354' title='bbox 793 4075 804 4108; x_wconf 87' lang='lat'>⁷</span> <span class='ocrx_word' id='word_1_355' title='bbox 821 4075 915 4123; x_wconf 76' lang='lat' dir='ltr'>Graan</span> <span class='ocrx_word' id='word_1_356' title='bbox 932 4074 1018 4122; x_wconf 84' lang='lat' dir='ltr'>thinks</span> <span class='ocrx_word' id='word_1_357' title='bbox 1035 4075 1085 4122; x_wconf 85' lang='lat' dir='ltr'>this</span> <span class='ocrx_word' id='word_1_358' title='bbox 1101 4074 1168 4122; x_wconf 76' lang='lat' dir='ltr'>word</span> <span class='ocrx_word' id='word_1_359' title='bbox 1184 4090 1254 4123; x_wconf 87' lang='lat' dir='ltr'>came</span> <span class='ocrx_word' id='word_1_360' title='bbox 1270 4075 1295 4123; x_wconf 92' lang='lat' dir='ltr'>in</span> 
     </span>
     <span class='ocr_line' id='line_1_38' title="bbox 191 4155 1296 4220; baseline -0.002 -12"><span class='ocrx_word' id='word_1_361' title='bbox 191 4158 281 4220; x_wconf 29' lang='lat' dir='ltr'>&#39;curru</span> <span class='ocrx_word' id='word_1_362' title='bbox 300 4160 408 4208; x_wconf 82' lang='lat' dir='ltr'>inserted</span> <span class='ocrx_word' id='word_1_363' title='bbox 427 4161 492 4207; x_wconf 85' lang='lat' dir='ltr'>from</span> <span class='ocrx_word' id='word_1_364' title='bbox 514 4159 557 4207; x_wconf 90' lang='lat' dir='ltr'>the</span> <span class='ocrx_word' id='word_1_365' title='bbox 580 4159 625 4207; x_wconf 76' lang='lat' dir='ltr'>Cu.</span> <span class='ocrx_word' id='word_1_366' title='bbox 646 4157 696 4206; x_wconf 85' lang='lat' dir='ltr'>and</span> <span class='ocrx_word' id='word_1_367' title='bbox 744 4157 809 4205; x_wconf 80' lang='lat' dir='ltr'>from</span> <span class='ocrx_word' id='word_1_368' title='bbox 831 4157 874 4204; x_wconf 90' lang='lat' dir='ltr'>tbs</span> <span class='ocrx_word' id='word_1_369' title='bbox 896 4155 1001 4217; x_wconf 81' lang='lat' dir='ltr'>margin,</span> <span class='ocrx_word' id='word_1_370' title='bbox 1021 4156 1101 4204; x_wconf 87' lang='lat' dir='ltr'>where</span> <span class='ocrx_word' id='word_1_371' title='bbox 1123 4157 1144 4205; x_wconf 88' lang='lat' dir='ltr'>it</span> <span class='ocrx_word' id='word_1_372' title='bbox 1165 4156 1215 4205; x_wconf 88' lang='lat' dir='ltr'>had</span> <span class='ocrx_word' id='word_1_373' title='bbox 1234 4156 1296 4206; x_wconf 88' lang='lat' dir='ltr'>been</span> 
     </span>
    </p>

    <p class='ocr_par' dir='ltr' id='par_1_12' title="bbox 143 4237 1298 4631">
     <span class='ocr_line' id='line_1_39' title="bbox 143 4237 1297 4303; baseline -0.003 -11"><span class='ocrx_word' id='word_1_374' title='bbox 143 4246 194 4292; x_wconf 80' lang='lat' dir='ltr'>An.</span> <span class='ocrx_word' id='word_1_375' title='bbox 208 4244 294 4303; x_wconf 75' lang='lat' dir='ltr'>MSS,</span> <span class='ocrx_word' id='word_1_376' title='bbox 306 4243 348 4291; x_wconf 91' lang='lat' dir='ltr'>the</span> <span class='ocrx_word' id='word_1_377' title='bbox 360 4243 443 4291; x_wconf 85' lang='lat' dir='ltr'>Greek</span> <span class='ocrx_word' id='word_1_378' title='bbox 454 4242 505 4289; x_wconf 86' lang='lat' dir='ltr'>also</span> <span class='ocrx_word' id='word_1_379' title='bbox 517 4242 611 4303; x_wconf 80' lang='lat' dir='ltr'>having</span> <span class='ocrx_word' id='word_1_380' title='bbox 623 4242 695 4300; x_wconf 71' lang='grc' dir='ltr'><em>αὐτῷ.</em></span> <span class='ocrx_word' id='word_1_381' title='bbox 745 4239 844 4287; x_wconf 84' lang='lat' dir='ltr'>written</span> <span class='ocrx_word' id='word_1_382' title='bbox 856 4238 882 4286; x_wconf 92' lang='lat' dir='ltr'>in</span> <span class='ocrx_word' id='word_1_383' title='bbox 893 4237 1051 4300; x_wconf 85' lang='lat' dir='ltr'>explanation</span> <span class='ocrx_word' id='word_1_384' title='bbox 1064 4239 1093 4286; x_wconf 83' lang='lat' dir='ltr'>os</span> <span class='ocrx_word' id='word_1_385' title='bbox 1106 4237 1297 4288; x_wconf 79' lang='lat' dir='ltr'>miscricordiam</span> 
     </span>
     <span class='ocr_line' id='line_1_40' title="bbox 193 4318 1298 4385; baseline -0.005 -11"><span class='ocrx_word' id='word_1_386' title='bbox 193 4325 204 4357; x_wconf 75' lang='lat'>³</span> <span class='ocrx_word' id='word_1_387' title='bbox 221 4325 250 4374; x_wconf 86' lang='lat' dir='ltr'>dc</span> <span class='ocrx_word' id='word_1_388' title='bbox 262 4341 301 4373; x_wconf 88' lang='lat' dir='ltr'>orc</span> <span class='ocrx_word' id='word_1_389' title='bbox 311 4327 372 4385; x_wconf 69' lang='lat' dir='ltr'>Aa„</span> <span class='ocrx_word' id='word_1_390' title='bbox 382 4325 439 4373; x_wconf 86' lang='lat' dir='ltr'>hers</span> <span class='ocrx_word' id='word_1_391' title='bbox 450 4322 500 4371; x_wconf 88' lang='lat' dir='ltr'>and</span> <span class='ocrx_word' id='word_1_392' title='bbox 506 4338 531 4385; x_wconf 90' lang='lat' dir='ltr'>p.</span> <span class='ocrx_word' id='word_1_393' title='bbox 540 4335 596 4381; x_wconf 82' lang='lat' dir='ltr'>aaa,</span> <span class='ocrx_word' id='word_1_394' title='bbox 604 4321 693 4370; x_wconf 71' lang='lat' dir='ltr'>decom.</span> <span class='ocrx_word' id='word_1_395' title='bbox 744 4326 874 4369; x_wconf 67' lang='lat' dir='ltr'>muscosae.</span> <span class='ocrx_word' id='word_1_396' title='bbox 904 4318 1034 4367; x_wconf 70' lang='lat' dir='ltr'>Missum</span> <span class='ocrx_word' id='word_1_397' title='bbox 1044 4320 1136 4382; x_wconf 81' lang='lat' dir='ltr'>prefers</span> <span class='ocrx_word' id='word_1_398' title='bbox 1147 4325 1174 4368; x_wconf 90' lang='lat' dir='ltr'>to</span> <span class='ocrx_word' id='word_1_399' title='bbox 1186 4321 1298 4369; x_wconf 87' lang='lat' dir='ltr'>consider</span> 
     </span>
     <span class='ocr_line' id='line_1_41' title="bbox 193 4400 1298 4469; baseline -0.005 -14"><span class='ocrx_word' id='word_1_400' title='bbox 193 4407 204 4438; x_wconf 85' lang='lat'><strong>⁴</strong></span> <span class='ocrx_word' id='word_1_401' title='bbox 218 4423 264 4469; x_wconf 77' lang='lat' dir='ltr'>prr</span> <span class='ocrx_word' id='word_1_402' title='bbox 275 4407 379 4454; x_wconf 88' lang='lat' dir='ltr'>omitted</span> <span class='ocrx_word' id='word_1_403' title='bbox 391 4407 416 4454; x_wconf 91' lang='lat' dir='ltr'>in</span> <span class='ocrx_word' id='word_1_404' title='bbox 428 4405 471 4454; x_wconf 89' lang='lat' dir='ltr'>the</span> <span class='ocrx_word' id='word_1_405' title='bbox 482 4405 533 4452; x_wconf 74' lang='lat' dir='ltr'>AB.</span> <span class='ocrx_word' id='word_1_406' title='bbox 745 4402 766 4450; x_wconf 85' lang='lat' dir='ltr'>it</span> <span class='ocrx_word' id='word_1_407' title='bbox 785 4416 812 4449; x_wconf 85' lang='lat' dir='ltr'>ss</span> <span class='ocrx_word' id='word_1_408' title='bbox 829 4400 998 4464; x_wconf 84' lang='lat' dir='ltr'>representing</span> <span class='ocrx_word' id='word_1_409' title='bbox 1015 4401 1106 4463; x_wconf 74' lang='grc' dir='ltr'><strong><em>ἐρῤύθη,</em></strong></span> <span class='ocrx_word' id='word_1_410' title='bbox 1124 4401 1183 4450; x_wconf 85' lang='lat' dir='ltr'>read</span> <span class='ocrx_word' id='word_1_411' title='bbox 1198 4401 1298 4466; x_wconf 80' lang='lat' dir='ltr'>faultily</span> 
     </span>
     <span class='ocr_line' id='line_1_42' title="bbox 193 4483 1298 4551; baseline -0.002 -14"><span class='ocrx_word' id='word_1_412' title='bbox 193 4489 349 4551; x_wconf 73' lang='lat' dir='ltr'>⁶pr0ptee.</span> <span class='ocrx_word' id='word_1_413' title='bbox 381 4486 577 4536; x_wconf 76' lang='lat' dir='ltr'>SotheOnnant.</span> <span class='ocrx_word' id='word_1_414' title='bbox 590 4500 662 4547; x_wconf 84' lang='lat' dir='ltr'>copy.</span> <span class='ocrx_word' id='word_1_415' title='bbox 746 4483 885 4545; x_wconf 70' lang='grc' dir='ltr'><strong><em>ἰοτέρῤέθη,</em></strong></span> <span class='ocrx_word' id='word_1_416' title='bbox 900 4483 980 4531; x_wconf 86' lang='lat' dir='ltr'>wbich</span> <span class='ocrx_word' id='word_1_417' title='bbox 996 4483 1017 4532; x_wconf 87' lang='lat' dir='ltr'>is</span> <span class='ocrx_word' id='word_1_418' title='bbox 1031 4484 1176 4548; x_wconf 81' lang='lat' dir='ltr'>preferable.</span> <span class='ocrx_word' id='word_1_419' title='bbox 1210 4487 1298 4535; x_wconf 69' lang='lat' dir='ltr'>Anus</span> 
     </span>
     <span class='ocr_line' id='line_1_43' title="bbox 195 4564 1014 4631; baseline -0.002 -13"><span class='ocrx_word' id='word_1_420' title='bbox 195 4570 205 4599; x_wconf 83' lang='lat'><strong>⁶</strong></span> <span class='ocrx_word' id='word_1_421' title='bbox 222 4573 273 4620; x_wconf 80' lang='lat' dir='ltr'>Aa.</span> <span class='ocrx_word' id='word_1_422' title='bbox 292 4576 425 4631; x_wconf 76' lang='lat' dir='ltr'>consecute,</span> <span class='ocrx_word' id='word_1_423' title='bbox 443 4568 560 4630; x_wconf 85' lang='lat' dir='ltr'>omitting</span> <span class='ocrx_word' id='word_1_424' title='bbox 576 4567 618 4616; x_wconf 86' lang='lat' dir='ltr'>the</span> <span class='ocrx_word' id='word_1_425' title='bbox 640 4566 698 4614; x_wconf 86' lang='lat' dir='ltr'>four</span> <span class='ocrx_word' id='word_1_426' title='bbox 746 4565 833 4625; x_wconf 78' lang='lat' dir='ltr'>abore,</span> <span class='ocrx_word' id='word_1_427' title='bbox 847 4566 891 4616; x_wconf 78' lang='lat' dir='ltr'>Ob.</span> <span class='ocrx_word' id='word_1_428' title='bbox 905 4564 1014 4616; x_wconf 76' lang='lat' dir='ltr'>liberere.</span> 
     </span>
    </p>
   </div>
   <div class='ocr_carea' id='block_1_8' title="bbox 0 0 1509 4994">
    <p class='ocr_par' dir='ltr' id='par_1_13' title="bbox 0 0 1509 4994">
     <span class='ocr_line' id='line_1_44' title="bbox 0 0 1509 4994; baseline 0 0"><span class='ocrx_word' id='word_1_429' title='bbox 0 0 1509 4994; x_wconf 95' lang='lat' dir='ltr'> </span> 
     </span>
    </p>
   </div>
  </div>
 </body>
</html>
