3000 4994
211 348 278 413 424
581 363 831 417 manusnnmr
861 362 991 416 onuuo

75 534 170 620 qqqa'q.
212 523 284 601 post
298 516 468 582 adventum
484 517 685 596 Antichristi,
705 525 738 583 et
756 518 963 602 perditionem
983 515 1121 582 omnium
1142 513 1288 601 gentium
1307 512 1369 578 sub

48 607 199 713 ⁰33}th
213 640 250 682 eo
277 619 505 698 exsistentium,
522 620 554 683 in
576 642 639 707 qua
661 621 838 708 regnabunt
851 620 930 706 justi
953 621 985 684 in
1005 630 1098 697 terra,
1122 626 1302 683 crescentes
1328 639 1369 680 ex

78 723 173 760 ¹¹¹'·¹·
213 720 330 786 visione
357 721 495 800 Domini,
519 732 552 787 et
576 745 631 809 per
661 723 763 808 ipsum
795 732 977 788 assuescent
1006 744 1116 808 capere
1145 719 1279 808 gloriam
1306 718 1368 784 Dei

213 823 328 900 Patris,
344 832 377 890 et
399 848 470 890 cum
492 826 609 892 sanctis
625 826 745 913 angelis
765 826 1032 892 conversationem
1050 834 1082 890 et
1103 822 1367 899 communionem,

211 935 244 992 et
265 927 417 992 unitatem
440 928 625 1015 spiritalium
643 929 675 993 in
695 951 792 1016 regno
812 928 949 1014 capient:
974 938 1007 994 et
1026 928 1095 993 illos
1115 948 1193 1014 quos
1209 925 1368 990 Dominus

211 1031 243 1095 in
258 1053 350 1097 carne
366 1032 510 1110 inveniet,
526 1041 746 1117 exspectantes
765 1054 836 1097 eum
859 1033 898 1096 de
916 1031 1015 1108 coelis,
1031 1038 1064 1096 et
1084 1052 1248 1116 perpessos
1267 1029 1368 1094 tribu-

210 1134 368 1213 lationem,
392 1137 501 1223 quiet
527 1136 692 1223 effugerint
715 1135 812 1222 iniqui
840 1158 961 1199 manus.
1008 1134 1074 1222 lpsi
1101 1143 1208 1199 autem
1232 1143 1308 1198 sunt
1328 1133 1367 1198 de

211 1238 323 1324 quibus
347 1239 393 1303 ait
414 1239 579 1325 propheta:
604 1248 632 1303 et
654 1238 793 1304 derelicti
816 1235 1102 1322 inultiplicabuutur
1122 1238 1156 1300 in
1178 1246 1276 1300 terra.
1323 1234 1367 1298 Et

212 1349 365 1427 quotquot
384 1364 425 1407 ex
447 1343 644 1407 credentibus
664 1342 706 1405 ad
727 1341 786 1405 hoc
808 1339 992 1426 praeparavit
1017 1339 1116 1418 Deus,
1138 1339 1180 1402 ad
1201 1337 1368 1403 derelictos

212 1442 464 1529 multiplicandos
483 1444 516 1508 iu
537 1453 630 1522 terra,
646 1453 679 1508 et
700 1444 759 1508 sub
782 1443 893 1528 Regno
914 1442 1101 1507 Sanctorum
1116 1442 1193 1519 fieri,
1210 1450 1243 1504 et
1258 1440 1367 1507 minis·

211 1553 295 1611 trare
317 1546 389 1611 huic
411 1546 621 1624 Hierusalem,
637 1555 670 1611 et
693 1568 823 1633 regnum
842 1545 875 1609 in
901 1567 949 1622 ea,
976 1545 1164 1631 significavit
1191 1543 1230 1608 ¹J
1233 1544 1368 1608 eremias

46 1659 193 1754 &¹¹23ng
211 1650 375 1735 propheta:
402 1651 616 1736 Oircumepice,
639 1650 756 1726 dicens,
779 1648 825 1713 ad
848 1649 1001 1712 Orientem
1023 1647 1229 1723 Hierusalem,
1246 1656 1275 1711 et
1296 1646 1452 1713 videam

48 1757 184 1793 annam.
212 1752 353 1816 letitiam
368 1775 436 1838 quoe
451 1753 596 1817 adventat
609 1752 666 1818 tili
679 1752 717 1816 ab
733 1754 796 1839 iprae
808 1752 884 1816 Dee.
928 1750 1008 1814 Ecce
1026 1750 1219 1832 uenientfilii
1233 1752 1282 1814 tui
1296 1773 1370 1836 quoe

212 1855 347 1931 emisisti,
358 1855 477 1919 uenient
492 1856 605 1920 collecti
620 1854 657 1919 ab
675 1856 798 1919 Oriente
812 1876 903 1940 aeque
918 1855 963 1918 ad
978 1853 1167 1918 Occidentem
1181 1852 1269 1917 cerdo
1283 1853 1370 1917 illius

211 1958 319 2033 tancti,
332 1956 496 2042 pandentes
515 1979 551 2020 ea
572 1979 640 2044 quae
661 1980 681 2021 a
705 1957 771 2022 Dee
787 1967 838 2021 tue
860 1967 901 2022 eat
915 1957 1067 2020 claritate.
1112 1955 1236 2020 Ecuere
1250 1957 1370 2020 Hier-u·

211 2059 306 2124 ealern
328 2059 464 2124 deditum
486 2060 583 2125 luctus
604 2070 633 2124 et
653 2060 827 2144 afflictionis
848 2070 919 2137 tum,
944 2069 972 2123 ct
993 2059 1122 2123 induere
1147 2059 1282 2123 decorem
1304 2060 1371 2142 ejus

213 2187 283 2251 quae
305 2187 326 2228 a
352 2164 417 2227 Deo
440 2173 492 2228 tue
515 2173 556 2227 eat
580 2163 734 2227 claritatis
759 2164 793 2228 in
811 2173 973 2228 aternum:
1004 2161 1196 2226 circumdare
1222 2163 1370 2226 amatum

213 2267 365 2358 duplicem
390 2267 454 2351 ejus
478 2290 546 2354 quae
568 2290 590 2332 a
613 2268 679 2332 Deo
704 2277 755 2332 tue
776 2279 819 2332 eet
832 2268 974 2352 justitie,
990 2268 1108 2351 impone
1130 2266 1256 2330 mitram
1276 2288 1371 2352 cuper

213 2380 307 2458 capnt
320 2380 406 2436 tuum
424 2371 534 2457 pieria
555 2381 686 2437 aterna.
733 2371 817 2436 Deua
838 2371 917 2435 enim
939 2367 1157 2434 demonstrabit
1175 2370 1206 2433 ei
1227 2391 1297 2454 quta
1314 2368 1369 2434 aad

214 2475 285 2540 coele
300 2484 342 2539 eat
359 2474 510 2538 uniuersae
525 2482 609 2538 tuum
619 2474 787 2560 subparem.
838 2472 1001 2537 Vocabitur
1015 2494 1144 2557 namque
1162 2494 1267 2536 nornen
1282 2483 1370 2537 tuum

214 2575 253 2641 ul
268 2578 332 2663 ipae
347 2576 412 2642 Dee
426 2577 460 2640 in
474 2585 631 2650 mertum,
642 2598 712 2661 pau
719 2574 852 2659 piutiticc
866 2584 894 2638 et
909 2574 1032 2658 ²plerioe
1047 2573 1154 2637 colenti
1167 2575 1243 2638 Dee.
1269 2573 1371 2661 Surpe

214 2679 528 2757 uenerandumne
548 2678 582 2743 in
602 2678 767 2755 cercebant
786 2677 985 2761 circumspice
1007 2675 1052 2739 cd
1074 2676 1236 2753 Orientem,
1253 2686 1283 2741 et
1297 2678 1371 2742 cide

214 2782 345 2847 collector
356 2782 442 2864 filim
463 2792 527 2846 tuor
548 2804 569 2846 a
592 2780 672 2844 Solis
692 2790 761 2845 ertu
782 2802 873 2866 usqae
895 2779 940 2843 ed
962 2779 1153 2843 Occidentem
1176 2778 1264 2844 cerda
1282 2780 1370 2845 illiue

213 2884 320 2960 macti,
332 2884 498 2969 pandentes
512 2884 611 2971 ipsam
632 2883 696 2948 Dei
715 2883 960 2948 recordationem.
1006 2882 1148 2967 Profecti
1166 2893 1235 2947 auru
1251 2885 1333 2948 enim
1348 2906 1369 2949 a

214 2998 242 3052 te
250 2988 379 3073 pedites,
395 2987 470 3051 dum
484 2987 710 3052 adducerentur
723 2986 762 3051 ad
776 2987 920 3051 inimicia.
960 2988 1138 3052 Introducet
1149 2988 1312 3054 illosDeue
1326 2991 1373 3054 ad

214 3100 243 3155 te
260 3100 404 3175 portatus
427 3111 495 3153 cum
515 3090 619 3175 pieria
642 3099 789 3176 tamqnam
814 3090 938 3154 tironus
961 3090 1060 3176 requi.
1117 3092 1264 3156 Decrevit
1286 3095 1370 3157 euim

214 3192 300 3255 Deua
313 3200 348 3255 ut
360 3191 540 3255 humilietur
553 3193 649 3256 omnia
667 3213 751 3256 mena
769 3192 907 3270 cacabus,
924 3202 952 3257 et
970 3193 1120 3279 ceizperiea
1139 3203 1273 3273 ceterum,
1288 3205 1318 3260 et
1335 3207 1371 3260 ut

214 3293 307 3358 calles
329 3292 525 3378 impleantur,
552 3294 598 3357 cd
627 3295 824 3380 redipmdam
847 3295 1015 3382 planitiem
1044 3305 1144 3373 terrac,
1169 3306 1205 3360 ut
1235 3297 1371 3366 ambulct

214 3395 320 3461 Israel
339 3405 401 3460 tute
423 3395 485 3460 Dei
505 3394 618 3480 pieria.
669 3395 857 3462 Umbracula
882 3407 984 3462 autern
1007 3399 1201 3464 intexuerunt
1221 3400 1326 3484 eylcoe,
1342 3412 1371 3467 ct

214 3520 299 3564 enine
313 3498 429 3584 liparam
444 3497 512 3562 leni
526 3498 627 3563 odoris
643 3499 707 3586 ipai
727 3499 833 3564 Israel
841 3510 995 3587 proecepte
1016 3503 1090 3567 Dei.
1135 3501 1271 3567 Praidit
1288 3506 1372 3569 euim

214 3604 299 3668 Deru
313 3625 378 3668 curn
395 3603 505 3668 latit-ic
521 3603 635 3669 lumine
649 3602 802 3669 alacritatis
812 3626 886 3684 succ,
896 3626 964 3668 cum
975 3605 1185 3671 misericordia
1197 3606 1370 3691 etjeutitr'o,

214 3731 283 3796 quce
296 3706 335 3773 ab
350 3709 415 3795 ipm
430 3717 481 3772 eat.

214 3985 346 4050 Prophetae,
372 3987 492 4052 quamdiu
511 3987 558 4039 istu
576 3987 666 4052 pepuli
688 3985 764 4051 perti·
814 3982 1002 4048 quapropter
1014 3982 1371 4048 prudieer'timpleticuemdir‘·

212 4069 288 4119 nucia
310 4069 433 4119 duratura
455 4077 517 4131 caet,
542 4071 611 4119 Deua
631 4067 765 4132 mpondn:
809 4067 941 4130 ferendam
958 4082 1004 4116 erce
1016 4073 1089 4129 patet„
1131 4067 1286 4116 Minoaue
1301 4069 1373 4118 read·

212 4151 300 4200 Donec
328 4151 444 4200 desolatas
471 4151 565 4200 fuerint
593 4151 707 4199 civitatee
736 4165 765 4198 eu
815 4150 860 4212 ing
875 4147 1069 4197 mirmctmen
1085 4149 1106 4196 is
1123 4147 1230 4211 adopted
1250 4164 1278 4197 as
1295 4150 1372 4200 india·

212 4232 281 4296 quod
302 4248 352 4281 non
378 4231 631 4280 inhabitentur-Et
654 4231 765 4295 posthaec
815 4229 948 4294 peneable3
974 4228 1011 4290 in,
1041 4245 1068 4277 aa
1090 4229 1122 4278 he
1144 4230 1268 4290 observes,
1289 4247 1372 4296 repre

214 4313 342 4376 elongabit
369 4311 439 4360 Deus
462 4312 575 4361 homines
599 4312 643 4362 isc.
688 4309 766 4374 Atqui
815 4315 882 4359 senta
895 4311 956 4373 rapt.

214 4407 271 4441 cum
284 4393 390 4452 caecitas,
403 4408 459 4457 qua
476 4392 563 4441 Israeli
577 4393 674 4456 obtigit,
691 4390 766 4440 dura·
865 4391 944 4440 ι’1Ἰιε
971 4392 1103 4455 quotation
1130 4391 1207 4456 being
1233 4392 1300 4442 from
1329 4395 1375 4444 the

214 4479 272 4522 ura
294 4473 334 4534 eit,
355 4474 432 4524 donec
451 4474 580 4539 plenitudo
599 4474 711 4538 gentium
728 4474 765 4522 in·
815 4474 978 4539 Apooryphcl
987 4474 1053 4522 bools
1064 4473 1171 4523 Baruch.

214 4555 327 4616 tavent,
349 4555 421 4605 Rom.
434 4556 468 4606 xi.
483 4568 521 4618 25,
537 4561 669 4620 coaequent
685 4569 766 4606 mum
864 4552 877 4587 ²
892 4553 980 4604 LXX.
992 4557 1033 4605 rel
1044 4554 1101 4616 δόξα
1113 4554 1259 4619 θεοσεβείας.
