3000 4994
251 304 296 367 30
653 315 777 370 rnrsn
802 316 848 368 nu
874 316 998 368 rusus

108 490 215 578 mvpprpr.
251 469 423 547 constituit,
438 480 471 536 et
486 491 555 557 quae
569 469 654 535 faeta
667 478 741 535 sunt
755 471 796 535 ab
810 491 847 535 eo
862 470 913 558 qni
929 470 1013 535 feeit.
1045 470 1118 557 Ipse
1132 470 1215 535 enim
1229 470 1363 536 inlectus
1376 479 1410 538 et

86 583 234 671 ffilsssshpffl
251 576 319 641 sine
333 576 421 640 initio
441 584 474 640 et
498 576 566 640 sine
592 576 655 640 fine
673 583 707 640 et
723 574 839 639 nullius
857 575 1011 662 indigens,
1031 574 1098 661 ipse
1114 575 1175 640 sibi
1191 576 1358 656 sufficiens,
1376 584 1411 643 et

90 678 240 766 ji*—
250 679 352 743 adhue
366 679 491 767 reliquis
505 679 658 758 omnibns,
671 687 707 743 ut
721 679 795 757 sint,
811 678 870 743 hoo
885 679 986 764 ipsum
1003 687 1173 764 praestans:
1197 701 1267 766 quae
1281 700 1354 745 vero
1368 681 1410 745 ab

251 804 289 847 eo
314 790 388 847 sunt
419 783 513 860 faeta,
535 782 658 847 initium
685 791 874 847 sumserunt.
925 782 1126 869 Quaecunque
1153 792 1259 846 autem
1285 783 1408 848 initium

250 895 438 963 sumserunt,
463 894 497 950 et
520 885 754 951 dissolutionem
776 893 907 971 possunt
930 885 1095 971 percipere,
1117 894 1151 950 et
1172 887 1315 973 subjecta
1334 898 1409 951 sunt

251 998 285 1054 et
299 988 441 1075 indigent
458 988 527 1073 ejus
547 988 649 1075 quise
671 988 756 1066 feeit,
778 1009 905 1053 neeesse
924 996 972 1053 est
992 989 1180 1067 omnimodo,
1199 990 1244 1054 nti
1265 989 1410 1055 differens

251 1091 434 1157 vocabulum
453 1091 589 1155 habeant
608 1090 692 1176 apud
712 1112 767 1155 eos
783 1090 889 1168 etiam,
910 1091 963 1178 qui
980 1091 1029 1156 vel
1048 1092 1205 1157 modicum
1226 1114 1352 1156 sensum
1375 1094 1409 1157 in

252 1194 455 1259 discernendo
469 1193 545 1259 talia
563 1194 697 1258 habent:
716 1193 762 1258 ita
780 1202 816 1258 ut
830 1193 858 1257 is
873 1194 1000 1280 quidem
1014 1194 1068 1280 qui
1082 1193 1188 1258 omnia
1201 1194 1318 1274 feeerit,
1336 1217 1410 1261 oum

254 1297 361 1363 Verbo
375 1319 432 1363 suo
442 1298 528 1382 juste
542 1297 664 1362 dicatur
680 1296 768 1362 Deus
781 1305 813 1361 et
830 1297 985 1362 Dominus
996 1295 1100 1371 solus;
1121 1318 1191 1383 quae
1205 1306 1311 1363 autem
1325 1300 1410 1365 laeta

251 1410 334 1479 sunt,
350 1423 413 1466 non
424 1402 491 1487 jam
505 1400 644 1487 ejusdem
658 1399 797 1465 vocabuli
817 1399 1040 1485 participabilis
1059 1420 1138 1479 esse,
1159 1421 1259 1486 neque
1273 1401 1358 1486 juste
1376 1401 1410 1467 id

251 1502 435 1569 vocabulum
449 1525 571 1569 sumere
586 1502 709 1582 debere,
725 1502 808 1589 quod
821 1511 871 1568 est
886 1501 1053 1568 Oreatoris.

732 1704 835 1771 cnP.
859 1705 926 1771 IX.

280 1846 402 1938 Quom
418 1845 621 1921 meream
638 1840 685 1920 de
701 1844 783 1920 Deo
799 1844 990 1920 seientiam
1006 1842 1182 1946 Apostoli,
1202 1844 1269 1947 qui
1283 1844 1386 1921 nobis

575 1961 821 2063 Eooapelium
838 1961 1084 2040 tradideram.

319 2114 348 2175 1.
395 2109 549 2175 Osrnuso
562 2110 622 2177 boo
642 2110 739 2199 igitur
753 2111 804 2176 hio
818 2111 920 2197 plane,
943 2120 976 2177 et
998 2113 1101 2178 adhue
1115 2113 1298 2179 ostendetur
1312 2114 1411 2179 mani·

251 2214 370 2294 festius,
393 2213 550 2280 neminem
573 2214 705 2280 alterum
722 2215 892 2280 Dominum
911 2215 959 2280 vel
979 2215 1095 2294 Deum,
1116 2238 1217 2302 neque
1231 2217 1410 2303 propbetas,

252 2340 353 2405 neque
375 2318 559 2405 Apostolos,
583 2340 683 2406 neque
707 2319 878 2384 Dominum
901 2318 1059 2385 Obristum
1081 2320 1259 2385 confessum
1279 2343 1350 2386 esse
1370 2343 1410 2386 ex

250 2444 308 2488 sua
322 2445 465 2510 persona,
480 2424 537 2488 sed
550 2422 706 2510 praeoipue
721 2423 826 2488 Deum
839 2432 873 2489 et
888 2423 1077 2489 Dominum:
1103 2423 1261 2510 prophetis
1284 2424 1411 2511 quidem

192 2555 195 2561 ¹
249 2534 284 2592 et
313 2526 477 2614 Apostolis
506 2527 636 2593 Patrem
661 2536 694 2593 et
725 2526 840 2592 Filium
869 2527 1109 2603 confitentibus;
1143 2526 1276 2593 altemm
1304 2537 1411 2593 autern

250 2630 416 2709 neminem,
431 2651 531 2717 neque
546 2628 650 2694 Deum
671 2629 914 2707 nominantibus,
931 2650 1031 2715 neque
1047 2628 1217 2694 Dominum
1234 2628 1411 2694 confitenti·

251 2734 327 2798 bus:
351 2743 384 2799 et
405 2734 473 2820 ipso
496 2733 634 2799 Domino
657 2733 786 2799 Patrem
808 2741 931 2798 tantum
954 2733 1057 2798 Deum
1080 2742 1113 2799 et
1136 2734 1305 2799 Dominum
1327 2755 1409 2814 eum,
1424 2748 1452 2790 Ι.
1463 2750 1499 2790 1⁸⁴

251 2836 304 2924 qui
326 2836 412 2902 solus
437 2846 487 2902 est
511 2837 599 2902 Deus
624 2845 657 2901 et
682 2836 858 2901 dominator
882 2837 1031 2915 omnium,
1057 2837 1201 2902 tradente
1229 2835 1409 2922 discipulis3

250 2940 338 3028 sequi
360 2962 419 3006 nos
437 2948 571 3026 oportet,
593 2940 621 3005 si
643 2941 768 3028 quidem
786 2941 907 3008 illomm
925 2963 1034 3007 sumus
1056 2941 1207 3028 discipuli,
1230 2941 1411 3007 testimonia

251 3043 373 3108 illomm
387 3044 432 3109 ita
449 3065 484 3109 se
498 3043 655 3110 habentia.
694 3044 869 3111 Matthaeus
883 3044 966 3110 enim
982 3045 1166 3130 Apostolus,
1179 3067 1275 3109 unum
1289 3053 1322 3110 et
1336 3066 1411 3110 enn-

251 3146 323 3211 dem
338 3145 441 3212 sciens
455 3146 569 3225 Deum,
586 3147 640 3232 qui
658 3147 895 3233 promissionem
912 3149 1020 3214 feeerit
1037 3148 1186 3226 Abrahae,
1207 3149 1362 3214 facturum
1377 3171 1412 3213 se

89 3279 213 3320 omno.
252 3269 359 3313 semen
384 3250 452 3336 ejus
478 3249 566 3336 quasi
591 3249 698 3315 stellas
720 3249 802 3329 eoeli,
829 3250 881 3336 qui
906 3273 961 3337 per
985 3250 1101 3314 Filium
1136 3271 1227 3314 sunm
1252 3250 1412 3316 Christum

253 3350 367 3417 Josum
384 3374 404 3416 a
420 3352 557 3437 lapidum
575 3352 698 3418 cultura
717 3352 749 3417 in
769 3374 859 3417 suam
885 3375 943 3419 nos
963 3354 1156 3441 agnitionem
1177 3352 1342 3432 vocaverit,
1364 3355 1412 3419 uti

90 3461 242 3555 mliii,
253 3455 341 3520 fieret
355 3456 409 3542 qai
422 3477 482 3520 oon
491 3457 633 3542 populos,
643 3456 798 3543 populun
823 3467 851 3523 et
866 3480 925 3522 oon
944 3458 1067 3535 dilecto,
1088 3458 1210 3535 dilecta,
1230 3457 1275 3521 ait
1290 3457 1314 3521 J
1317 3456 1412 3521 ohan·

91 3557 111 3592 ⁸
122 3555 183 3594 'm
253 3581 335 3637 nem,
351 3567 579 3646 prosperantem
595 3560 721 3626 Christo
736 3560 828 3640 viam,
844 3559 894 3625 his
909 3560 1009 3648 quiin
1025 3560 1141 3626 carnali
1157 3560 1282 3648 quidem
1297 3582 1412 3647 oogna·

253 3662 338 3728 tione
352 3663 576 3750 gloriabantur,
591 3664 725 3729 ¹varinm
740 3673 846 3728 autem
860 3671 894 3729 et
907 3664 991 3729 omni
1006 3665 1126 3730 malitia
1140 3663 1328 3751 completum
1342 3686 1413 3729 sen·

252 3788 323 3833 sum
337 3766 505 3845 habebant,
521 3789 591 3832 eam
605 3766 823 3851 poeniteutiam
844 3790 914 3854 quae
935 3790 955 3833 a
971 3768 1090 3832 malitia
1103 3774 1272 3846 revocaret,
1292 3789 1413 3832 annun·

92 3906 153 3947 m
162 3906 215 3951 ,Μ
252 3871 384 3936 tiantem
396 3871 527 3936 dixisse:
551 3870 719 3956 Propertius
733 3871 921 3957 viperarum,
937 3874 1005 3959 quis
1020 3871 1101 3938 nodis
1114 3872 1295 3937 monstravit
1298 3873 1414 3959 sapere

89 3964 146 4003 Μ’
254 3972 293 4038 ab
318 3974 372 4040 ira
395 3974 545 4039 venturo?
581 3973 692 4038 Facite
720 3996 789 4060 arpo
818 3977 970 4060 ²frootam
995 3976 1122 4063 dipnom
1144 3976 1355 4062 poenitentioe:
1386 3984 1415 4041 et

304 4128 440 4179 ¹rroex1bov
457 4132 482 4179 δὲ
499 4131 539 4178 nol
556 4130 636 4188 πάσης
658 4129 808 4191 ῥᾳδιουργίας
852 4130 933 4192 furiose
948 4131 1040 4192 καρπὸν
1058 4132 1129 4189 ἀξιον,
1146 4136 1235 4192 prim
1244 4128 1309 4178 bunc
1324 4127 1414 4178 lma·

256 4212 338 4275 πλήρη
348 4214 390 4261 τὸν
401 4214 453 4260 νοῦν
464 4214 545 4273 ἔσχον.
858 4211 943 4271 locum,
964 4218 985 4259 el
1007 4211 1090 4259 variae
1110 4211 1234 4269 amium,
1255 4217 1336 4272 operto
1351 4210 1415 4259 donet

304 4291 316 4323 ²
326 4292 440 4355 fructum
461 4293 566 4356 dipnam
587 4292 740 4356 poenilmioe.
776 4292 821 4343 In.
860 4292 972 4355 Oripeuaes
984 4293 1049 4341 Tem.
1057 4306 1106 4343 vlu
1118 4292 1310 4342 Communia
1322 4291 1415 4342 Jolaoo·

254 4375 360 4438 palpato
370 4374 467 4437 quidem
477 4376 502 4424 S.
515 4375 627 4424 Mouet
647 4375 724 4426 codd.
744 4374 809 4425 θνα·
858 4389 912 4422 παπ
925 4390 984 4437 pop.
1008 4387 1060 4438 119,
1080 4373 1123 4423 ubi
1138 4380 1267 4437 postquam
1284 4373 1380 4422 dixerat
1398 4388 1415 4420 o

255 4457 485 4520 dartonekpimua,
504 4459 609 4519 reprobi
623 4460 707 4519 ἀξίους.
746 4457 810 4508 Olina
858 4456 1170 4507 salsamentum
1186 4455 1326 4518 Baptistom
1342 4454 1415 4502 intro·

255 4548 334 4592 autem
362 4541 390 4590 in·
417 4540 542 4599 riopulari·
568 4557 667 4591 numero
693 4542 810 4604 scriptum
858 4539 918 4587 duci
934 4540 1065 4602 loquentem
1078 4539 1113 4587 od
1125 4537 1300 4588 Pborieoeosat
1317 4536 1413 4587 Saddu-
