3000 4994
250 505 315 569 286
593 518 714 573 PENES
739 518 924 572 HOMINEM
951 518 1044 572 BONI

107 693 210 737 nrnrv
252 673 376 760 quidem
390 672 477 738 dedit
488 672 621 759 benigne
633 672 834 759 bonum‚1psi
853 694 926 738 vero
940 694 1003 737 non
1018 671 1231 737 custodierunt
1241 671 1411 760 diligenter

110 740 207 827 mill·
253 776 338 853 illud,
357 797 458 861 neque
475 775 645 861 pretiosum
661 774 804 839 arbitrati
825 783 909 852 sunt,
931 775 987 840 sed
1003 773 1297 861 supereminentiam
1319 775 1411 839 boni-

99 878 228 965 ffissl·
253 879 329 944 tatis
342 887 584 944 contemserunt
615 879 833 964 Abjicientes'
825 878 921 965 igitur
934 882 1050 943 bonum
1065 888 1098 943 et
1113 877 1200 965 quasi
1215 886 1410 963 respuentes,

253 983 364 1048 merito
390 1004 498 1047 omnes
517 984 638 1069 justum
657 981 810 1068 judicium
835 982 974 1047 incident
994 983 1067 1059 Dei,
1090 982 1353 1068 quemadmodum
1378 989 1412 1046 et

254 1085 428 1172 Apostolus
440 1084 559 1149 Paulus
576 1085 625 1149 ¹in
639 1106 678 1149 ea
687 1083 819 1170 epistola
833 1106 903 1169 quae
918 1092 968 1149 est
980 1085 1022 1150 ad
1039 1085 1207 1161 Romanos,
1219 1083 1412 1148 testificatus

86 1204 234 1295 pomum
253 1198 313 1265 est,
328 1188 435 1253 dicens
453 1188 514 1252 ita:
538 1190 590 1253 Ao
604 1188 730 1252 divitias
747 1189 889 1253 boniatis
903 1189 977 1272 ejas,
996 1199 1024 1253 ot
1037 1188 1209 1274 patientioe,
1228 1196 1257 1252 ot
1271 1186 1411 1272 boponi-

253 1292 369 1355 mitotis
383 1291 704 1377 oototomnicipoorans
717 1293 859 1376 puniam
874 1290 990 1355 donitas
1006 1292 1070 1356 Dei
1089 1291 1140 1355 ¹io
1150 1291 1367 1376 poetiitootiom
1381 1299 1411 1354 te

253 1392 408 1457 adducit?
443 1393 617 1458 Secundum
632 1402 734 1457 autern
750 1394 901 1459 duritiam
916 1402 1002 1459 tuum
1019 1403 1047 1459 et
1064 1417 1116 1459 cor
1129 1394 1316 1480 impositam
1331 1393 1411 1457 ltto·
1424 1408 1449 1449 α.
1458 1410 1495 1455 ru

251 1495 390 1561 ναατίεαν
408 1495 585 1582 tibimetipsi
606 1496 690 1561 iram
709 1497 745 1561 ia
763 1497 845 1562 diem
864 1499 925 1561 iroe
944 1508 972 1563 et
989 1499 1180 1563 revolutionis
1193 1497 1275 1580 justi
1288 1497 1412 1581 judicii

252 1597 326 1664 Dei.
373 1599 483 1664 Gloria
497 1608 599 1663 aedom
612 1608 641 1663 et
653 1599 756 1678 locor,
773 1600 883 1686 inquit,
904 1602 985 1665 omni
998 1601 1138 1686 opacraoti
1156 1599 1272 1664 ὂννννι.
1311 1600 1411 1665 Dedit

253 1722 328 1787 ergo
357 1701 446 1766 Deus
470 1703 596 1780 bonum,
626 1702 887 1787 quemadmodum
912 1710 946 1767 et
975 1702 1146 1788 Apostolus
1168 1701 1357 1766 testificatur
1378 1701 1411 1765 in

150 1848 155 1857 ι
254 1804 363 1868 eadem
374 1804 515 1888 epistola,
525 1812 559 1868 et
574 1804 627 1889 qui
642 1811 810 1889 operantur
825 1804 951 1889 quidem
967 1804 1052 1883 illud,
1067 1804 1197 1891 gloriam
1213 1811 1246 1868 et
1258 1804 1410 1869 honorem

253 1904 434 1990 percipient,
455 1906 601 1993 quoniam
617 1906 736 1990 operati
755 1915 829 1971 sunt
848 1909 965 1972 bonum
984 1928 1054 1971 cum
1070 1906 1190 1993 possint
1205 1927 1269 1972 non
1289 1908 1411 1993 operari

254 2006 349 2081 illud;
367 2007 399 2071 hi
410 2016 516 2072 autem
531 2008 583 2094 qui
599 2008 675 2072 illud
691 2031 754 2073 non
764 2019 942 2094 operantur,
950 2009 1103 2095 judicium
1114 2009 1236 2094 justum
1250 2010 1412 2096 excipient

255 2108 327 2188 Dei,
344 2110 491 2195 quoniam
505 2132 568 2176 non
581 2119 656 2176 sunt
670 2112 789 2198 operati
805 2114 921 2178 bonum
935 2136 1007 2179 cum
1021 2113 1142 2199 possint
1157 2112 1277 2198 operari
1290 2112 1378 2179 illud.

754 2423 847 2524 ma.
877 2420 917 2517 ε.

257 2602 419 2680 Osteoaio
446 2601 545 2703 quod
572 2628 646 2677 noo
675 2614 814 2676 notura
843 2597 998 2698 quadum
1026 2596 1111 2672 boni
1134 2596 1217 2688 sint,
1252 2596 1411 2696 quidam

307 2747 390 2797 cero
407 2719 509 2814 moli,
528 2718 593 2795 sed
609 2717 706 2819 quod
723 2718 764 2793 io
780 2715 937 2792 hominu
953 2715 1120 2789 electione
1135 2714 1183 2789 sit
1200 2714 1342 2790 bonum.

84 2948 134 2989 ω,
143 2948 239 2989 numne
337 2932 367 2980 1.
420 2909 476 2979 ΕΙ
504 2910 603 3008 φύσει
630 2911 664 2978 οἱ
689 2905 749 2990 μὲν
778 2912 915 3006 φαῦλοι,
941 2936 971 2976 οι
967 2903 1033 2975 di
1059 2904 1185 2997 ἁγαθοὶ
1214 2906 1408 3042 γεγόνααιν,

88 3040 226 3138 {Qu
255 3023 327 3094 αὖθ’
348 3023 439 3094 ουτοι
459 3020 635 3103 ἐπαινεταὶ,
655 3020 747 3095 ὄντες
766 3018 900 3111 ἁγαθοὶ,
921 3023 1071 3089 τοιοῦτον
1091 3016 1160 3117 γὰρ
1184 3016 1410 3089 κατεσκευάσ-

255 3139 370 3216 θησαν·
392 3135 462 3204 οντ’
475 3135 586 3203 ἐκεῖνοι
604 3131 764 3215 μεμπτοὶ,
785 3129 886 3207 οὕτως
907 3131 1097 3222 γεγονότες.
1129 3130 1229 3200 Ἀλλ’
1250 3129 1412 3213 ε’τειδῆ’
1377 3162 1408 3202 οι

254 3242 376 3323 πάντες
399 3252 457 3327 τῆς
488 3244 585 3326 αὐτῆς
616 3244 681 3314 εἶσὶ
707 3243 845 3341 φύσεως,
876 3240 1047 3325 δυνάμενοί
1074 3274 1114 3313 τε
1138 3254 1324 3338 κατασχεῖν
1354 3243 1408 3314 sal

254 3356 381 3457 πρᾶξαι
399 3355 443 3429 τὸ
463 3354 602 3448 dyadis,
627 3356 681 3427 καὶ
708 3351 873 3438 δυνάμενοι
900 3352 1003 3424 πάλιν
1028 3355 1218 3441 ἀποβαλεῖν
1241 3353 1334 3438 αὐτὸ,
1353 3355 1409 3427 καὶ

251 3470 297 3555 μὴ
326 3478 474 3553 ποιῆσαι·
509 3466 634 3545 δικαίως
665 3468 719 3538 καὶ
743 3470 821 3566 παρ’
848 3464 1032 3566 ἀνθρώποις
1057 3477 1128 3543 τοῖς
1157 3468 1408 3553 εὐνομουμένοις,

726 3690 828 3757 OAP.
851 3690 928 3756 LX.

88 3847 189 3888 nrum
321 3833 351 3896 l.
397 3830 434 3895 S1
449 3834 556 3893 autem
571 3826 754 3893 naturaliter
771 3827 896 3912 quidam
911 3826 994 3904 boni,
1010 3826 1137 3911 quidam
1157 3849 1229 3892 vero
1244 3828 1318 3892 mali
1333 3829 1410 3894 sacti

88 3894 110 3934 ι
119 3895 214 3933 Dm
253 3933 401 4006 luissent3
419 3953 519 4017 neque
533 3930 565 3994 hi
578 3930 748 3995 laudabiles
761 3936 867 3994 essent
877 3929 929 4015 qui
944 3927 1017 3992 boni
1032 3939 1114 4003 sunt,
1126 3930 1223 3994 2tales
1235 3931 1319 3995 enim
1334 3932 1410 3995 facti

254 4038 387 4114 fuerant,
409 4035 465 4100 sed
480 4055 580 4120 neque
600 4033 644 4097 illi
659 4030 886 4118 vituperabiles,
901 4038 933 4094 et
949 4030 1007 4114 ipsi
1027 4031 1111 4094 enim
1125 4030 1205 4095 tales
1224 4032 1349 4096 fuerant
1364 4033 1412 4096 in-

253 4140 368 4205 stituti.
413 4139 476 4203 Sed
501 4136 648 4223 quoniam
668 4156 777 4200 omnes
795 4132 934 4219 ejusdem
957 4140 1031 4197 sunt
1055 4139 1185 4209 naturae,
1210 4142 1243 4197 et
1265 4143 1412 4219 potentes

253 4243 387 4308 retinere
402 4249 435 4306 et
449 4239 570 4326 operari
590 4241 715 4314 bonum,
735 4245 768 4300 et
783 4243 926 4322 potentes
945 4256 1066 4298 rursum
1081 4235 1226 4300 amittere
1244 4237 1276 4299 id
1294 4245 1328 4302 et
1346 4259 1412 4302 non

252 4345 372 4419 facere3
393 4343 480 4429 juste
498 4341 595 4407 etiam
612 4339 696 4426 apud
713 4337 872 4403 ³h0mines
892 4346 1035 4401 sensatos
1051 4341 1183 4423 (quanto
1205 4340 1307 4426 magis
1325 4342 1412 4426 apud

303 4541 313 4572 ¹
329 4543 382 4592 Aa.
394 4540 423 4591 in
432 4541 541 4605 epirote
553 4539 595 4602 od,
609 4537 779 4589 rhamnum.
903 4536 915 4569 ⁸
930 4536 1053 4585 Homines
1074 4542 1193 4588 sensatos.
1243 4541 1412 4601 Εἰνωνμένας

301 4621 314 4655 ²
328 4624 387 4675 aua
396 4622 651 4687 catafasifwou,
664 4619 769 4671 omitted
778 4620 805 4669 in
850 4616 1180 4681 mmmmm·
1214 4618 1410 4687 Βεννῑνινι,

245 4706 290 4756 tto
301 4706 345 4759 Oa
357 4705 411 4757 and
424 4705 503 4756 Voss
517 4702 595 4755 MSS
855 4699 967 4749 homino·
977 4697 1048 4747 bonis
1059 4697 1155 4761 legibus
1166 4704 1274 4751 utentes.
1302 4704 1409 4757 Garun.
