3000 4994
254 335 319 399 120
581 346 928 402 RECAPITULANTUR
954 343 1080 398 OMNIA

86 537 238 626 austun

98 630 227 671 mussan.
706 614 808 681 OAP.
831 613 956 680 XXX.

121 676 164 717 ul.
174 679 204 717 10.

254 768 416 846 Ostctmio
440 768 616 868 quonium
637 795 709 867 per·
734 795 812 867 qum
830 769 1012 866 projectus
1028 779 1078 841 eat
1094 767 1198 841 boum
1216 765 1263 841 de
1280 766 1406 840 Ρανα-

395 886 483 976 olim,
497 914 570 987 per
585 887 658 962 lucc
676 887 810 961 iterum
826 885 941 960 intrat
959 883 1000 960 in
1017 882 1260 959 Paradisum.

87 1087 198 1174 {ppo-¹1⁰
225 1136 240 1174 b
319 1070 369 1136 En
398 1071 560 1156 antiquam
586 1070 824 1155 plasmationem
852 1069 885 1133 in
911 1091 946 1134 se
970 1069 1192 1154 recapitulatas
1221 1076 1281 1133 est.
1326 1066 1407 1148 Quia

86 1146 224 1267 quaml-⁸¹:
252 1172 512 1259 quemadmodum
534 1194 589 1257 per
612 1170 855 1237 inobedientiam
877 1171 969 1235 unius
992 1170 1127 1235 hominis
1148 1171 1311 1236 introitum
1336 1191 1407 1255 pec-

252 1284 358 1340 catum
374 1274 493 1352 habnit,
515 1283 548 1339 et
562 1296 617 1360 per
631 1283 795 1358 peccatum
810 1294 893 1337 mors
908 1272 1061 1347 obtinuit;
1086 1273 1131 1337 sic
1145 1281 1179 1337 ot
1194 1294 1248 1357 per
1263 1272 1406 1336 obedion-

252 1376 329 1443 tiam
352 1376 444 1441 unius
466 1376 602 1441 hominis
619 1376 744 1462 justitia
767 1375 944 1440 introducta
966 1375 1062 1439 vitam
1084 1374 1250 1440 fructificet
1269 1375 1330 1453 bis,
1353 1375 1406 1462 qui

252 1479 326 1544 olim
350 1479 463 1544 mortni
488 1487 586 1555 eraut,
610 1479 798 1545 hominibus.
844 1479 889 1543 Et
913 1479 1171 1566 quemadmodum
1197 1478 1406 1564 protoplastus

85 1601 196 1641 murus.
252 1582 303 1648 ille
328 1582 434 1647 Adam
459 1583 498 1648 de
523 1583 608 1647 ¹rudi
634 1593 727 1661 terra,
750 1591 783 1647 et
808 1583 847 1648 do
872 1583 973 1647 adhuc
996 1583 1125 1669 virgine,
1153 1583 1301 1668 (uortdum
1325 1584 1406 1647 culm

246 1685 376 1772 pluerat
393 1686 487 1763 Deus,
508 1693 536 1750 ct
554 1685 638 1749 bomo
657 1707 717 1750 αοα
738 1695 806 1750 crat
824 1695 965 1771 operatua
983 1687 1113 1767 terram)
1132 1685 1242 1751 habuit
1261 1686 1405 1750 substan·

86 1804 136 1846 suo
147 1805 188 1844 ta
252 1787 339 1865 tiam,
355 1795 388 1851 et
402 1787 574 1872 plasmatus
589 1797 638 1851 est
653 1808 746 1851 manu
763 1787 834 1866 Dei,
850 1789 882 1852 id
899 1796 958 1866 est,
980 1787 1089 1853 Verbo
1110 1788 1182 1867 Dei,
1206 1789 1309 1852 ornatu
1326 1788 1406 1852 euim

87 1901 197 1947 emur.
245 1913 308 1978 pur
336 1891 435 1977 tpsum
457 1891 551 1975 fucta
581 1899 659 1968 aunt,
683 1899 716 1955 et
741 1890 854 1956 sumsit
882 1890 1038 1955 Dominus
1062 1891 1170 1956 limum
1194 1912 1215 1955 a
1243 1899 1337 1968 terra,
1370 1899 1403 1955 et

251 1992 416 2080 plasmavit
437 1991 612 2057 hominem:
636 1991 681 2057 ita
700 1992 909 2079 recapitulans
932 1994 964 2057 in
987 2014 1022 2058 se
1048 1994 1154 2058 Adam
1172 1993 1239 2080 ipsc
1262 1992 1402 2057 Verbum

251 2098 415 2175 exsistens,
432 2119 470 2162 ex
489 2097 592 2161 Maria
607 2118 677 2187 quae
691 2097 793 2162 adhuc
808 2108 876 2164 orat
893 2097 1004 2186 Virgo,
1021 2106 1105 2165 recte
1124 2098 1296 2186 accipiebat
1309 2121 1403 2187 gene-

250 2201 403 2266 rationem
419 2201 501 2266 Adae
515 2200 788 2288 recapitulationis.

695 2493 797 2558 OAP.
821 2492 964 2557 XXXI.

250 2657 438 2734 Aduersus
455 2685 513 2733 coo
529 2657 594 2757 qui
611 2657 747 2745 dicunt,
770 2685 851 2734 eum
873 2657 967 2732 uiuit
984 2657 1030 2732 dc
1047 2658 1099 2732 M
1097 2658 1186 2733 oric
1207 2658 1400 2758 occepisse.

82 2882 237 2945 'ramnum
334 2870 363 2916 1.
394 2846 461 2917 Ἒῖ
496 2846 604 2919 τοίνυν
635 2848 653 2918 ὁ
693 2852 826 2946 πρῶτος
855 2844 969 2929 ’Aldu
1001 2847 1084 2943 ἔσχε
1113 2849 1246 2945 πατέρα
1281 2846 1404 2945 ἅνθρω-

86 2936 196 2984 ΜΜ’
252 2991 325 3043 τον,
355 2960 409 3030 καὶ
439 2961 473 3029 ἐκ
502 2960 698 3058 σπέρματος
721 2961 882 3050 ἐγεννήθη,
909 2959 991 3035 εἰκὸς·
1015 2959 1051 3042 ἢν
1082 2960 1135 3030 καὶ
1161 2958 1224 3032 τὸν
1253 2957 1404 3057 δεύτερον

249 3070 363 3154 'Aldu
391 3072 503 3162 λέγειν
531 3069 569 3166 ἐξ
593 3072 720 3170 Ἰωσῆῲ
750 3075 979 3164 γεγεννῆσθαι.
1037 3071 1087 3142 Εἰ
1104 3069 1138 3142 δὲ
1158 3073 1272 3148 ἐκεῖνος
1292 3073 1326 3141 ἐκ
1345 3079 1404 3163 γῆς

251 3185 392 3283 ἐλήφθη,
427 3181 584 3266 πλάστης
613 3182 648 3254 δὲ
677 3186 779 3255 αὑτοῦ
804 3187 822 3254 ὁ
854 3184 946 3268 θεὸς,
976 3183 1038 3255 ἔδει
1070 3185 1123 3255 καὶ
1153 3184 1214 3257 τὸν
1239 3186 1406 3283 ἀνακεφα-

250 3298 443 3379 λαιούμενον
478 3299 540 3373 tete
571 3295 681 3383 urin-dv,
709 3296 772 3367 ὑπὸ
803 3303 867 3369 τοῦ
895 3297 983 3367 Θεοῦ
1015 3300 1253 3382 πεπλασμένον
1282 3296 1405 3396 ἅνθρω-

316 3537 346 3598 1.
385 3534 421 3599 S1
449 3533 545 3621 igitur
565 3533 683 3619 primus
708 3534 812 3598 Adam
837 3534 947 3599 habuit
970 3542 1091 3620 patrem
1116 3533 1285 3612 homiuem,
1309 3544 1404 3600 etex

249 3636 367 3701 semine
390 3636 445 3700 viri
466 3643 558 3701 natus
584 3645 651 3711 est3
676 3636 787 3701 merito
814 3636 962 3714 dicerent,
986 3645 1020 3702 et
1042 3637 1211 3702 secuudum
1236 3636 1341 3702 Adam
1364 3661 1404 3703 ex

250 3739 371 3825 Joseph
393 3761 462 3805 esse
484 3746 677 3826 generatum.
722 3738 755 3804 Si
776 3748 882 3805 autem
904 3739 954 3804 ille
977 3740 1016 3804 de
1038 3748 1121 3805 terra
1135 3740 1259 3827 quidem
1282 3749 1405 3806 sumtus

249 3849 308 3919 est,
324 3850 357 3907 et
372 3841 480 3908 Verbo
495 3841 556 3907 Dei
571 3841 744 3927 plasmatus
762 3850 821 3920 est,
837 3844 1001 3928 oportebat
1023 3843 1055 3908 id
1075 3844 1177 3929 ipsum
1193 3842 1336 3909 Verbum
1358 3867 1405 3909 re·

249 3945 502 4033 capitulationem
518 3945 599 4011 Adae
613 3945 646 4008 in
665 3944 868 4030 semetipsum
883 3944 1011 4025 faciens,
1034 3946 1175 4031 ejusdem
1194 3947 1405 4034 generationis

300 4146 373 4196 ¹See
385 4163 409 4213 p.
427 4162 479 4208 νον,
494 4163 518 4197 n.
533 4160 556 4210 5.
852 4167 868 4200 a
890 4150 985 4200 Catcna
1006 4166 1038 4200 on
1062 4150 1088 4202 S.
1109 4151 1189 4203 Lulre.
1215 4151 1281 4202 Bibl.
1305 4151 1401 4214 Reputo,

298 4227 481 4290 *supremum
496 4238 516 4279 ot
533 4247 550 4279 α
569 4229 683 4279 Mauorte
701 4227 801 4294 chryso
853 4245 924 4293 2440.

249 4308 349 4370 cephalo
368 4311 435 4361 Orat.
454 4323 483 4361 11.
506 4314 538 4363 εἰς
558 4314 642 4375 ἑορτὴν
659 4316 703 4362 τοῦ
722 4316 801 4375 Εὐαγ-
900 4313 1403 4379 8εἰς...ἄνθριοο·ον,ῑοοοιῖὶοντιοοαοὶοαοο

249 4395 374 4454 γελιστοῦ,
399 4394 453 4442 MS.
478 4394 537 4444 Ood.
560 4409 615 4445 211.
638 4395 798 4457 Barocciono,
850 4398 1283 4461 maturrimua'utllocunbrcpua'o.
1298 4400 1401 4448 Gunun.

249 4474 317 4536 cujus
332 4472 418 4522 οαοίοο
433 4473 667 4526 adiventionum.
697 4477 798 4527 Gaasu
850 4477 903 4527 The
920 4479 1016 4529 (latona
1032 4479 1137 4529 oollatod
1154 4480 1188 4544 by
1205 4480 1335 4528 Mnsscnr
1351 4483 1403 4531 also

249 4554 380 4604 Mrmnm
396 4555 474 4604 found
491 4557 618 4606 thouarno
634 4558 759 4622 nagnam
774 4561 800 4608 in
849 4560 895 4610 hus
907 4563 1153 4626 ὀνακεφολαιούμενον
1167 4563 1260 4613 ἐκεῖνον.
