3000 4994
531 349 573 401 IN
599 349 719 402 ouva
745 347 918 401 russeus.
1240 325 1306 395 347

155 503 200 568 Et
216 509 342 589 propter
356 499 491 565 haesit.
512 500 634 585 Oportet
648 497 775 563 mortale
788 496 1012 562 istudiaoiuere
1026 497 1305 569 immortalitatem·
1350 515 1418 601 uus.a
1412 515 1439 554 v

153 615 182 671 ot
202 603 398 690 corruptibile
419 603 473 668 bac
497 602 628 667 induere
651 601 902 688 incorruptelam
947 601 992 664 Et
1018 600 1131 664 iterum
1155 599 1219 665 ait:
1251 599 1308 664 Vas
1332 565 1457 694 Opi&

153 717 255 774 autem
274 728 334 771 aaa
352 707 420 771 estis
441 707 476 770 ia
498 726 601 783 carae,
624 704 731 768 sedin
748 704 884 790 Spiritu,
908 704 1060 789 siquidem
1083 704 1222 789 Spiritus
1245 704 1308 767 Dei
1375 704 1423 740 ¹··⁹

153 810 299 876 imbitot
286 833 320 875 un
334 809 426 875 uobis
473 808 675 873 Manifestius
688 815 793 873 autem
809 806 884 871 illud
898 807 1001 871 adhuc
1017 806 1163 882 ostendit,
1180 806 1304 871 dicens:
1297 814 1424 852 *⁰⁰¹
1321 816 1469 901 mas?

158 914 275 999 (iupus
299 912 420 998 quidem
443 934 508 975 mor
509 921 594 975 tuum
613 919 743 996 propter
764 919 931 994 peccatam,
956 909 1095 995 Spiritus
1118 919 1220 974 autem
1243 910 1307 973 aim
1321 929 1463 970 Ronuvbmo

148 1025 279 1104 propter
295 1014 464 1099 justitiam.
502 1015 540 1078 Si
565 1023 666 1079 autem
688 1013 827 1098 Spiritus
851 1013 914 1096 ojus
937 1014 991 1098 qui
1015 1013 1175 1077 suscitabit
1201 986 1361 1076 Jesum⁸eq

155 1141 177 1184 a
202 1120 339 1196 mortuos,
363 1117 481 1183 babitat
505 1119 539 1182 iu
565 1117 656 1194 cabis,
681 1118 736 1202 qui
765 1117 924 1181 suscitavit
954 1116 1108 1180 Christum
1136 1138 1157 1180 a
1182 1114 1309 1179 mortuis

156 1220 296 1304 uiuificab
297 1222 322 1285 it
338 1231 365 1286 et
379 1220 522 1286 mortalia
529 1242 662 1306 corpora
677 1228 776 1284 oestro
783 1229 912 1305 proptor
924 1217 1044 1283 intrabit
1031 1229 1142 1282 tantem
1156 1219 1310 1304 Spiritum

157 1325 221 1409 ejas
234 1326 269 1389 iu
279 1322 371 1389 cabis
408 1323 473 1387 *Et
484 1326 612 1388 rursus
620 1346 651 1387 1n
663 1344 701 1387 ea
713 1321 854 1407 epistola
867 1343 937 1407 quae
951 1321 1226 1399 estedltamanos,
1241 1321 1306 1386 ait:
1321 1330 1428 1378 subse

157 1428 197 1492 Si
211 1428 291 1491 mim
309 1425 473 1491 secuudum
492 1446 616 1490 caruem
631 1426 745 1501 uiuitis,
765 1424 939 1510 2iacipietis
953 1424 1472 1487 mori:noneonversa·1umvui1s

156 1530 273 1596 tionem
296 1550 366 1616 quae
384 1537 434 1594 est
454 1529 487 1592 in
510 1550 604 1594 carne
621 1527 774 1613 repellens
794 1527 835 1591 ab
857 1526 924 1600 eis;
949 1525 1065 1589 etenim
1086 1523 1201 1609 ipsein
1216 1547 1308 1590 carne

157 1655 229 1701 cum
251 1640 345 1710 esset,
366 1631 522 1697 scribebat
541 1631 605 1696 eis:
630 1631 685 1696 sed
704 1628 971 1715 concupiscentias
989 1627 1175 1692 abscindens
1196 1628 1308 1708 carnis,

156 1759 211 1804 ess
225 1758 295 1824 quae
309 1735 498 1800 mortificant
513 1735 680 1799 hominem.
727 1732 772 1797 Et
786 1740 914 1818 propter
932 1731 992 1796 hoe
1010 1730 1129 1795 intulit:
1153 1732 1191 1795 st
1208 1740 1310 1797 autem
1323 1756 1434 1796 noman.
1446 1756 1472 1794 ie

156 1840 272 1926 spiritu
286 1858 378 1924 opera
393 1837 500 1900 caruis
510 1835 710 1917 mortificatos,
722 1835 838 1900 meotis.
875 1832 1051 1919 Quicumque
1065 1833 1145 1897 mim
1156 1831 1310 1899 mamm

158 1943 285 2031 Spiritu
295 1941 368 2020 Dei,
383 1940 434 2006 mo·
447 1940 592 2023 suntfitii
606 1939 698 2006 Dei*

643 2197 745 2264 OAP.
768 2197 836 2264 XI.

159 2350 220 2425 Da
253 2350 464 2427 camaliam
506 2363 539 2426 et
577 2350 806 2451 spiritalium
840 2350 1019 2450 opembia,
1061 2353 1311 2454 ablutioaeqae

232 2466 400 2567 spiritali
431 2494 504 2544 aaa
538 2467 592 2543 acl
626 2494 821 2569 corporum
846 2467 1095 2563 substantiam,
1121 2471 1185 2546 sea
1211 2473 1311 2572 pris·

234 2585 318 2661 tina
334 2584 415 2661 uita
433 2586 737 2663 conuersatioaem
754 2585 957 2686 reserenda.

57 2778 144 2817 usos.
161 2761 190 2824 1.
235 2757 286 2824 Eu
315 2760 399 2845 ipsas
427 2769 534 2826 autem
562 2781 672 2846 operas
699 2761 920 2839 manifestavit,
951 2783 1030 2846 quas
1055 2760 1131 2827 dicit
1161 2763 1310 2844 carnales

160 2882 229 2947 quae
252 2861 325 2941 sint,
347 2862 520 2948 praevidens
541 2863 727 2929 calumniam
749 2862 935 2939 infidelium
968 2871 1000 2929 et
1022 2863 1089 2948 ipse
1111 2865 1312 2950 semetipsum

159 2985 328 3051 exponens,
348 2987 388 3030 ue
408 2965 632 3054 relinqueretur
646 2967 777 3053 quaestio
797 2967 855 3045 his,
875 2967 946 3053 ⁴qui
963 2967 1129 3032 infideliter
1142 2975 1313 3033 retractant

160 3067 199 3132 de
213 3090 261 3146 eo,
280 3068 313 3132 in
331 3090 370 3134 ea
389 3069 530 3154 epistole,
552 3092 622 3156 quae
642 3078 691 3135 est
709 3070 750 3134 sd
770 3069 909 3148 Galatas,
930 3070 976 3135 sic
991 3069 1115 3136 dicens:
1139 3071 1313 3157 Manifesta
1325 3099 1461 3140 sanans.

160 3181 262 3237 autem
280 3182 349 3238 aa
367 3194 460 3258 opera
480 3175 593 3252 caruis,
618 3196 686 3260 qua
699 3182 788 3238 sant:
812 3174 990 3255 Adulteria,
1006 3176 1238 3260 seminationes,
1256 3178 1314 3241 im·

160 3276 326 3354 nouaditia,
351 3275 488 3355 luauria,
512 3277 700 3357 idobiatria,
724 3280 877 3361 amasiam,
901 3280 1085 3360 iuimicitias,
1109 3282 1315 3361 omctautioues,

159 3379 228 3459 eae,
262 3381 331 3459 ira,
364 3381 577 3460 amatatimes,
609 3380 822 3461 animositates,
859 3384 1076 3466 *irritationes
1112 3384 1314 3462 aisemeimcs,

209 3556 328 3606 ¹Au.in
339 3557 437 3619 epistola
446 3572 499 3606 eom.
812 3557 871 3606 ⁵Iu
889 3558 933 3608 the
957 3558 1057 3607 Cursu.
1078 3576 1141 3623 copy
1159 3559 1316 3610 immicum

210 3637 367 3702 ’insipietia
412 3639 453 3688 stc
472 3655 526 3688 cum
550 3639 641 3687 Irenae
657 3638 713 3701 legit
763 3639 926 3688 isinterlined
938 3656 997 3688 over
1007 3639 1163 3700 irritationes,
1178 3657 1205 3689 es
1218 3641 1315 3704 though

164 3720 355 3783 Cyprianusteb.
368 3719 599 3769 mutuaticae.
636 3719 714 3767 Gracc
763 3720 784 3769 it
803 3721 919 3784 qualibed
941 3722 983 3770 the
1005 3721 1138 3785 preceding
1160 3722 1245 3781 word3
1268 3722 1316 3771 but

161 3809 201 3861 est,
215 3804 320 3861 μέλλετε
331 3803 499 3862 ἀποθνήσκειν,
520 3801 585 3864 qaod
601 3800 649 3849 atii
665 3817 713 3850 mr
763 3802 926 3852 animositates
936 3804 999 3851 suits
1012 3803 1087 3862 θιιμυί,
1104 3803 1153 3851 end
1165 3802 1316 3851 virritationes

162 3890 223 3944 tuat,
236 3884 407 3943 suturumest,
424 3889 453 3932 ut
466 3883 614 3932 moriamini.
649 3882 713 3931 Her·
763 3898 814 3931 was
825 3883 957 3945 suggested
968 3884 993 3930 iu
1005 3884 1048 3931 the
1059 3883 1194 3946 margines
1210 3883 1316 3933 sbetter

161 3973 225 4015 actm
237 3965 375 4014 Tbcodareti
386 3965 525 4027 Interprcs:
542 3964 713 4013 sisenandum
764 3965 957 4028 representative
973 3966 1002 4013 ci
1021 3966 1117 4026 ἐριθεΐαι
1138 3966 1199 4013 thau
1216 3966 1314 4014 amula·

161 4063 261 4096 earnem
272 4047 363 4105 vivitis,
377 4044 514 4094 secundum
529 4060 628 4092 carnem
643 4043 716 4092 mori·
764 4044 837 4093 tiorms
845 4063 855 4099 ,·
871 4044 969 4106 cutting,
984 4044 1111 4106 imitatiap
1125 4045 1229 4106 meccha
1240 4046 1315 4110 being

162 4128 246 4178 emini.
281 4127 401 4175 Ferae.
436 4124 470 4175 Ia
487 4125 575 4173 Mune.
592 4136 611 4175 1.
628 4123 716 4186 legum
764 4142 832 4174 more
843 4126 928 4190 nearly
939 4128 982 4175 the
993 4128 1110 4190 meaning
1125 4127 1154 4174 oi
1164 4128 1207 4175 the
1222 4127 1312 4187 Greek,

159 4224 274 4273 masau,
289 4208 404 4272 incipitis.
439 4207 541 4256 Geren.
765 4223 808 4270 aa
821 4206 942 4256 Hesion
956 4209 1050 4269 ἐριθεια,
1071 4208 1141 4265 bara
1154 4208 1234 4268 λόγων
1249 4211 1316 4269 aene

212 4289 266 4338 ⁸bi
282 4297 338 4338 suat
350 4289 403 4351 filii
417 4288 474 4349 Dci,
494 4287 624 4351 carelessly
642 4287 713 4336 omit·
766 4290 848 4337 asarta
888 4289 942 4336 The
959 4289 1014 4352 Syr.
1038 4289 1130 4352 always
1152 4289 1252 4337 rendere
1273 4288 1317 4338 the

162 4370 408 4421 tedinthecmlt·
766 4388 834 4436 word
857 4389 892 4453 by
913 4352 1042 4482 hag&
1049 4388 1170 4452 autumna,
1193 4391 1302 4440 which'
1296 4407 1317 4440 ιιι

212 4453 223 4483 ⁴
246 4454 264 4503 f.
283 4455 332 4503 reis
354 4453 463 4501 ἁπιστῶς
482 4450 643 4511 itssbvbiibvfft
660 4451 715 4511 ¹⁶9²
766 4470 818 4517 also
836 4471 1077 4534 theiuterpretution
1091 4472 1120 4519 os
1130 4472 1314 4534 Pflnvouluus,

164 4535 243 4583 αυτόν
768 4550 781 4598 ὸ
792 4547 861 4610 ζῆλοι
873 4549 889 4611 ἢ
900 4553 1039 4600 ravennia
1050 4551 1067 4611 ἢ
1077 4555 1216 4614 κακυλυγία
