3000 4994
637 367 905 423 Pnorfln'rlcm.

623 621 725 689 aAP.
748 622 910 691 XXXV.

86 810 110 850 ⁰·
120 811 162 851 es
188 785 381 863 Contendit
396 784 592 885 asperiora
609 785 816 860 testimonia
834 813 905 861 non
918 812 1023 886 posse
1033 813 1108 886 per
1124 785 1340 884 aheporiam

262 905 308 981 de
339 905 440 980 bonis
469 918 613 978 tantam
640 905 833 980 calestibas
862 905 1025 1002 inteilipi,
1057 903 1122 980 sed
1150 903 1341 1004 implenda

264 1048 335 1098 esse
357 1035 440 1121 post
457 1020 655 1096 adventum
679 1021 912 1114 Antichristi,
932 1036 965 1097 et
981 1022 1280 1098 resurrectionem
1301 1022 1342 1097 in

264 1155 412 1217 terrena
450 1140 684 1224 Jemsaiemr
739 1140 999 1240 prioribusque
1034 1141 1251 1241 prophetiis,
1298 1167 1342 1215 ea

258 1258 389 1350 Esaia,
433 1256 643 1349 Hieremia,
682 1271 715 1332 et
753 1258 940 1334 Johannis
978 1258 1211 1358 Apocalypsi
1244 1258 1342 1334 oiim

263 1373 456 1474 snbjunpit.
1356 1389 1363 1399 ‘

190 1553 220 1615 1.
268 1550 305 1614 S1
329 1557 436 1615 nutem
459 1549 585 1637 quidem
600 1550 791 1616 tentaverint
808 1550 1006 1638 allegorisnre
1021 1552 1089 1616 haec
1107 1572 1177 1636 quae
1189 1551 1341 1636 ejusmodi

188 1661 273 1730 sunt,
291 1675 392 1740 neque
411 1653 450 1718 de
472 1654 615 1719 omnibus
636 1661 784 1739 poterunt
805 1664 1014 1721 consonantes
1035 1653 1239 1739 sibimetipsis
1258 1655 1343 1720 inve·

188 1755 258 1832 uiri,
274 1764 308 1820 et
329 1755 551 1821 convincentur
570 1757 611 1821 nb
632 1756 709 1842 ipsis
730 1754 920 1822 dictionibus
941 1756 1175 1835 disserentibus,
1196 1757 1343 1844 quoniam

189 1880 256 1922 earn
278 1857 418 1922 desolata
430 1859 560 1942 saerint
572 1859 710 1923 oiaitates
723 1858 875 1945 gentium,
891 1868 921 1924 et
941 1860 1023 1947 qaod
1042 1880 1102 1924 aon
1122 1857 1342 1939 inhabitentur,
1356 1890 1409 1931 aa
1419 1891 1446 1930 a.
1455 1892 1484 1931 11.

190 1971 219 2026 et
232 1961 346 2039 domm,
362 1983 394 2026 eo
408 1960 490 2047 qnod
502 1983 561 2024 non
577 1962 638 2026 sint
657 1961 797 2038 homines,
814 1970 843 2025 et
861 1962 1088 2049 derelinquetur
1104 1971 1190 2027 terra
1205 1963 1341 2038 deserta,·

191 2064 287 2128 ¹Eooe
302 2065 392 2141 enim,
410 2063 525 2129 Esaiae
538 2063 594 2142 ait,
611 2065 675 2129 dies
685 2063 815 2128 Domini
825 2064 1009 2130 insanabilis
1023 2066 1115 2143 eenit,
1122 2069 1237 2151 farore
1251 2076 1279 2130 et
1292 2068 1344 2131 ira
1356 2091 1409 2131 aa.
1418 2092 1462 2132 xm.
1471 2092 1490 2132 e.

183 2167 306 2253 plenas,
315 2187 431 2253 ponere
451 2165 554 2230 arbem
576 2176 669 2231 terra
690 2167 849 2245 desertam,
865 2177 894 2232 et
908 2178 1083 2254 peccatores
1096 2169 1226 2254 perdere
1245 2191 1282 2233 aa
1296 2191 1344 2234 ea.

138 2253 141 2257 ⁵
192 2271 237 2334 Et
250 2270 361 2334 iterum
371 2270 433 2334 nit:
454 2269 606 2348 Toliatar,
618 2278 653 2334 at
663 2291 722 2334 nm
734 2271 839 2335 rideat
847 2270 981 2356 pieriam
991 2271 1129 2350 Domini,
1145 2279 1178 2336 et
1192 2293 1264 2336 cum
1276 2271 1343 2336 haec
1357 2301 1409 2342 mn
1420 2302 1478 2341 un.

190 2374 275 2439 iacta
289 2373 415 2451 inerint,
432 2372 591 2458 eionpabit,
607 2373 719 2457 inquit,
736 2374 823 2438 Dens
841 2375 983 2453 homines,
1000 2384 1028 2439 et
1041 2375 1181 2439 derelicti
1194 2374 1344 2460 rnaltipii-
1357 2351 1410 2434 iiia
1420 2395 1486 2434 un.

191 2474 342 2540 eabrntnr
355 2476 390 2540 in
404 2484 501 2541 terra.
545 2475 590 2539 Ite
609 2475 804 2558 edificabant
826 2478 939 2556 domna,
956 2488 985 2543 et
1003 2479 1064 2564 ipsi
1078 2476 1302 2555 inhabitabant,
1317 2487 1346 2543 et
1359 2504 1462 2543 mares.
1471 2505 1493 2544 n

185 2577 387 2665 pastinabunt
403 2579 515 2655 moene,
531 2586 558 2641 et
572 2579 635 2662 ipsi
649 2577 887 2643 mammetem.
933 2580 1015 2645 Haec
1030 2580 1114 2644 euim
1128 2579 1189 2643 alis
1204 2579 1347 2644 universa

191 2681 241 2745 ²in
257 2681 514 2747 resurrectionem
527 2681 685 2765 justorum
703 2680 772 2745 sine
793 2683 1003 2748 controversia
1018 2683 1102 2748 dicta
1118 2691 1202 2761 sunt,
1219 2704 1289 2769 quae
1309 2683 1346 2749 fit

240 2860 251 2893 ¹
270 2861 370 2912 Obviam
391 2860 472 2909 iturae
499 2860 608 2910 Irenaus
634 2860 677 2922 iis,
701 2859 744 2924 qni
794 2860 906 2910 tationem
914 2862 1046 2925 Babylonis
1055 2861 1229 2913 Obaldoeoram
1235 2861 1347 2924 proaime

190 2943 262 2993 rerba
272 2944 353 2992 Esaia
363 2942 502 2994 etJeremia
509 2943 656 3005 precedenti
666 2942 745 3005 capite
790 2942 1087 3004 praetermeantem
1102 2950 1182 2992 tamen
1198 2942 1346 3005 Babylonem

191 3026 297 3085 recitata,
318 3025 349 3073 de
361 3025 465 3087 piorioso
482 3032 547 3073 stata
564 3023 672 3073 Ecclesia
689 3039 745 3085 aen·
794 3023 883 3084 arban,
906 3024 1029 3088 orbemqroe
1047 3032 1116 3074 terra
1136 3024 1162 3072 in
1179 3024 1231 3086 fine
1247 3023 1343 3084 mnndi,

190 3106 260 3167 tiam,
278 3105 314 3154 eei
326 3105 451 3167 waremie
467 3106 496 3153 in
511 3112 584 3165 terra,
602 3104 745 3167 meljaima
794 3105 878 3154 r'tidem
890 3107 1017 3169 pertinere,
1033 3107 1058 3156 S.
1075 3105 1199 3157 lobannis
1208 3105 1345 3168 Apoeaiyp

191 3189 220 3236 in
242 3188 296 3237 eoelo
318 3187 514 3248 interpretantur,
539 3203 569 3236 ae
590 3201 669 3235 omnen
686 3186 744 3248 ejas·
794 3185 956 3237 memminem
967 3188 1078 3238 dubitare
1087 3188 1154 3237 ma.
1188 3187 1267 3247 Dices,
1282 3186 1348 3236 ande

192 3269 259 3317 nmdi
277 3267 448 3330 permistiones
469 3268 594 3330 aiteporiee
614 3275 741 3329 exponant,
794 3285 848 3318 vero
858 3277 955 3331 conam,
969 3268 1043 3319 istam
1055 3269 1136 3318 Esaia
1148 3270 1227 3318 laeam
1241 3285 1295 3332 cap.
1312 3269 1346 3318 vi.

192 3349 272 3412 objicit
283 3349 340 3411 ipsa
352 3348 531 3410 Prophetarum
542 3347 609 3396 dieta
619 3347 744 3397 hancsen·
794 3351 825 3399 de
850 3352 941 3400 adimis
967 3353 1118 3415 temporibus,
1143 3351 1192 3400 rios
1219 3350 1347 3400 amissimo

192 3446 246 3479 sam
263 3446 313 3477 non
328 3428 461 3488 admittere,
482 3429 545 3477 edat
567 3428 633 3476 iliad
650 3429 744 3501 Ιῑιαιίιε..Ι
794 3431 927 3493 millenam,
946 3433 1127 3496 ireteliipendnm
1144 3437 1204 3483 erret
1237 3433 1281 3481 Aa
1297 3431 1348 3480 Ire·

194 3513 258 3561 (tum
275 3511 392 3560 desolatas
408 3510 501 3558 fuerint
518 3510 639 3570 civitates,
657 3510 745 3561 rediret
794 3527 874 3561 naam
893 3514 930 3561 ita
950 3514 1096 3573 instrata,
1120 3529 1150 3562 ae
1170 3512 1273 3575 proinde
1295 3527 1348 3560 eon·

194 3593 313 3651 Gentium,
326 3607 355 3640 eo
367 3591 434 3654 quod
445 3606 494 3638 non
506 3590 684 3651 inhabitentur,
700 3592 742 3643 bea.
795 3594 917 3644 necionem
935 3604 1009 3644 tentus
1030 3598 1080 3658 aas
1096 3595 1249 3657 aliquantam
1268 3593 1347 3642 obsen-

193 3676 228 3723 Et
239 3674 348 3737 posthaec
359 3672 485 3735 elongabit
500 3672 569 3720 Deus
584 3672 702 3732 homines,
719 3679 745 3724 et
795 3690 850 3722 ram
864 3676 927 3725 dieto
944 3677 1015 3725 modo
1030 3692 1054 3725 se
1067 3676 1158 3734 habere,
1172 3681 1236 3736 patet
1246 3689 1274 3722 ese
1281 3689 1346 3736 pra·

192 3756 303 3804 derelicti
313 3755 547 3819 multiplicabuntur
559 3769 634 3818 super
644 3758 743 3806 terram.
795 3757 950 3806 cedenti...et
967 3772 995 3806 ee
1009 3756 1049 3816 iis,
1069 3770 1122 3818 aaa
1138 3754 1181 3803 boe
1198 3754 1276 3817 eapite
1292 3769 1347 3802 moa

192 3837 250 3885 Istis
261 3837 326 3885 enim
340 3833 423 3894 serbis,
437 3842 502 3884 urea
514 3841 535 3884 et
549 3834 656 3885 homines
672 3836 700 3885 in
716 3853 745 3887 ea
794 3846 938 3900 sequantur:
955 3837 1018 3887 Heca
1030 3837 1155 3885 enim-in
1168 3835 1346 3884 resurrectione

192 3919 274 3967 adhue
283 3917 417 3979 superstites
427 3923 600 3979 snppmantesr
602 3936 614 3972 ,¹
629 3917 695 3966 ande
710 3920 745 3968 ad
796 3920 823 3979 (Ι,
841 3918 1053 3979 resurrectionem)
1072 3917 1198 3980 justorum
1220 3916 1273 3964 sine
1290 3932 1346 3964 con·

193 4000 300 4049 nahtam
310 4006 399 4048 datam
413 3999 483 4048 band
496 3999 635 4062 quadrant:
651 4001 693 4050 sed
702 4018 745 4051 nee
794 4002 915 4050 novenis
933 4001 1000 4049 dieta
1017 4004 1084 4048 suut.
1111 3997 1214 4048 Geren.

193 4082 227 4130 ad
243 4089 384 4144 presentem
400 4081 530 4130 meream
547 4081 664 4143 Gentium
685 4083 745 4146 qnia
843 4079 855 4112 ²
871 4080 962 4129 locam
974 4079 1056 4128 Esaia
1071 4079 1105 4128 vi.
1122 4093 1159 4139 11,
1175 4093 1212 4138 12,
1225 4077 1255 4127 de
1267 4078 1345 4127 novis·

193 4162 299 4211 deitates
310 4177 363 4210 cnm
374 4169 440 4210 terea
450 4168 508 4212 tane
518 4178 620 4227 prorsas
634 4163 745 4212 daolata
794 4160 863 4208 simis
875 4160 1020 4222 temporibus
1034 4167 1093 4209 reete
1108 4160 1139 4208 ab
1156 4159 1249 4208 Irenae
1264 4173 1346 4221 aecep-

193 4244 317 4292 dieantar.
355 4243 433 4305 Ateste
450 4259 480 4293 ne
497 4243 552 4307 qais
568 4244 619 4294 bae
633 4244 663 4294 de
679 4253 744 4294 terra
794 4249 846 4290 tam
861 4256 914 4300 esee,
930 4240 1094 4303 precedentis
1107 4240 1137 4290 de
1149 4239 1295 4290 Jadaornm
1309 4254 1345 4287 oc·

193 4325 305 4376 Judaica
328 4323 420 4387 macas
445 4324 581 4374 eim'tatibas
601 4326 744 4388 accipienda
795 4321 919 4372 natatione
932 4320 1214 4383 etreprobationseerba,
1227 4319 1346 4368 abennem·

190 4412 296 4468 pedara,
316 4405 370 4453 otia
387 4405 467 4455 Esaia
484 4407 536 4455 laea
552 4406 583 4454 de
597 4408 656 4454 orbs
673 4412 745 4455 terre
794 4404 839 4454 bns
855 4403 881 4452 S.
896 4402 1062 4465 Beanpdistis,
1080 4411 1101 4452 et
1119 4402 1200 4452 Paulo
1221 4402 1344 4464 Apostolo,

195 4488 292 4536 deserto
303 4493 329 4536 et
339 4487 448 4536 tollendo
459 4488 487 4535 in
498 4487 637 4550 parenthesi
647 4486 743 4548 anea,
795 4485 830 4534 ad
847 4493 987 4547 preeuntem
1003 4500 1084 4535 eoram
1105 4492 1194 4535 statum
1211 4483 1345 4548 applicata,

90 4582 97 4593 ·
191 4568 317 4631 pracipes
328 4583 357 4617 ea
367 4573 444 4630 capite
459 4568 509 4617 xiii.
524 4567 588 4630 qaod
598 4567 652 4616 lieet
664 4566 745 4616 derue
792 4565 891 4630 liquido
918 4565 1052 4615 emendant.
1083 4564 1248 4629 Interropanti
1283 4563 1348 4614 enim
