3000 4994
227 343 294 408 344
626 358 808 410 uonrnun
833 357 978 410 coneus

96 531 184 617 ipsav.
227 511 323 589 mites,
339 512 482 596 quonium
497 512 558 597 ipsi
570 511 749 577 hereditate
768 512 961 598 possidebunt
974 521 1107 581 terrosa·
1131 511 1218 598 quasi
1235 511 1381 578 ¹haeredi-

79 589 197 712 gvi&
227 619 293 677 tate
308 612 503 698 possideatur
516 621 601 679 terra
617 613 651 678 in
671 636 777 703 regno,
793 615 876 680 unde
892 622 924 679 et
942 612 1118 679 substantia
1140 613 1242 679 carnis
1263 621 1380 678 nostrie

111 717 168 756 Μ
226 720 286 779 est.

228 1105 314 1179 οὕτω
333 1109 386 1178 καὶ
406 1112 424 1190 ἡ
443 1105 533 1208 σὰρξ
548 1108 618 1179 καθ’
640 1108 756 1191 ἑαυτὴν
773 1110 953 1197 βασιλείαν
972 1110 1060 1179 Θεοῦ
1076 1116 1321 1208 κληρονομῆσαι
1342 1110 1379 1179 οῦ

228 1217 371 1302 ῦῦναται,
409 1225 687 1320 κληρονομηθῆναι
733 1219 769 1291 δὲ
802 1224 845 1298 εἷς
881 1222 940 1304 την
975 1221 1155 1310 βασιλείαν
1192 1227 1256 1293 τοῦ
1291 1222 1379 1292 Θεοῦ

226 1330 369 1404 δύναται.
430 1333 644 1431 Κληρονομεῖ
677 1331 745 1432 γὰρ
776 1337 795 1404 ὁ
827 1332 890 1435 ζῶν
922 1331 967 1406 τὰ
998 1339 1062 1406 τοῦ
1089 1335 1376 1416 τετελευτηκότος·

225 1444 279 1515 καὶ
298 1447 413 1544 ἕτερον
429 1445 489 1528 μέν
506 1447 580 1518 ἐστι
599 1443 642 1517 τὸ
659 1454 881 1545 κληρονομεῖν,
904 1449 1018 1547 ἕτερον
1036 1444 1070 1516 di
1089 1449 1376 1546 κληρονομεῖσθαι.

223 1557 268 1628 ‘O
287 1556 347 1643 μὲν
366 1556 435 1655 γὰρ
454 1559 647 1657 ἆφηγεῑται,
664 1559 718 1629 καὶ
738 1560 878 1659 κυριεύει,
900 1560 953 1631 καὶ
972 1557 1138 1640 διατίθησι
1156 1555 1200 1630 τὰ
1218 1565 1378 1659 κληρονο-

223 1672 376 1764 μοῦμενα,
415 1673 437 1764 ᾖ
470 1669 509 1741 ἄν
546 1670 643 1748 ον’τόε
675 1674 837 1766 βουληθῇ·
884 1670 928 1744 τὰ
966 1670 1001 1743 δὲ
1041 1672 1278 1755 ὑποτέτακται,
1321 1671 1376 1742 καὶ

223 1785 383 1866 ὑπακούει,
417 1783 470 1853 καὶ
501 1785 676 1882 κυριεῦεται
712 1782 775 1855 ὑπὸ
808 1790 871 1855 τοῦ
897 1789 1189 1884 κληρονομοῦντας.
1245 1784 1293 1854 Τι’
1321 1781 1376 1854 οῦν

223 1892 360 1966 ἔστιτὸ
382 1892 464 1995 ζῶν;
494 1893 537 1966 τὸ
560 1895 695 1980 Πνεῦμα
715 1903 778 1967 τοῦ
798 1897 894 1968 θεοῦ.
949 1897 1037 1967 Τι’να
1062 1894 1158 1967 δὲτὰ
1177 1892 1375 1994 ὑπάρχοντα

222 2013 284 2079 τοῦ
311 2009 609 2090 τετελευτηκότος;
635 2006 679 2079 τὰ
699 2009 783 2091 μέλη
808 2015 871 2081 τοῦ
896 2011 1070 2109 ἀνθρώπου
1094 2006 1139 2079 τὰ
1170 2011 1374 2109 φθειρόμενα

221 2121 255 2189 ἐν
283 2123 326 2213 τῇ
355 2122 435 2213 ’γῇ’.
495 2119 616 2191 Ταῦτα
648 2118 683 2192 di
711 2130 964 2221 κληρονομεῖται
994 2120 1058 2192 ὑπὸ
1081 2126 1144 2193 τοῦ
1163 2121 1370 2206 Πνεῦματος,

220 2234 477 2332 μεταφερόμενα
496 2235 539 2310 εἷς
558 2233 618 2316 την
633 2234 813 2321 βασιλείαν
830 2240 896 2306 τῶν
914 2236 1063 2334 οῦρανῶν.

284 2444 321 2507 4,
361 2440 406 2506 Et
420 2441 490 2507 ideo
504 2442 654 2507 mundum
669 2442 818 2529 templum
832 2463 901 2507 esse
913 2442 988 2521 vult,
1003 2450 1039 2507 ut
1053 2441 1223 2508 delectetur
1239 2440 1375 2526 Spiritus

219 2543 281 2608 Dei
296 2543 328 2608 in
340 2566 387 2621 eo,
401 2545 659 2630 quemadmodum
671 2566 803 2630 sponsus
813 2545 854 2610 ad
866 2566 1023 2630 sponsam.
1049 2544 1137 2609 Siout
1152 2544 1248 2630 igitur
1258 2565 1375 2629 sponsa

216 2668 374 2714 assumere
388 2669 536 2734 sponsum
546 2669 609 2712 non
618 2656 732 2734 potest,
747 2648 863 2713 assumi
878 2655 983 2712 autem
993 2670 1013 2713 a
1023 2669 1137 2733 sponso
1149 2654 1264 2733 potest,
1276 2668 1375 2733 quum

216 2751 335 2815 venerit
363 2758 397 2814 et
425 2750 581 2837 acceperit
605 2773 675 2816 eam
702 2772 852 2836 sponsum
884 2751 930 2816 sic
949 2758 983 2816 et
1009 2772 1081 2816 caro
1109 2750 1176 2815 haec
1201 2750 1373 2815 secundum

216 2852 361 2939 seipsam,
399 2852 430 2917 id
462 2860 511 2918 est
544 2853 620 2932 sola,
658 2875 789 2940 regnum
814 2853 876 2918 Dei
911 2852 1094 2919 haereditate
1125 2853 1282 2939 possidere
1308 2874 1372 2918 non

217 2963 339 3041 potest:
372 2955 555 3021 haereditate
581 2964 685 3020 autem
713 2956 864 3041 possideri
891 2955 923 3020 in
949 2978 1088 3043 regnos
1114 2956 1233 3042 Spiritu
1256 2964 1370 3043 potest.

219 3056 416 3123 Haereditate
430 3058 513 3122 enim
528 3059 667 3144 possidet
686 3058 739 3145 qui
761 3059 836 3123 vivit
851 3082 889 3124 ea
905 3081 974 3145 quae
989 3069 1063 3124 sunt
1076 3060 1209 3124 mortui:
1233 3068 1266 3125 et
1287 3059 1372 3125 aliud

218 3158 342 3245 quidem
357 3167 406 3223 est
420 3159 601 3224 haereditate
614 3160 780 3246 possidere,
795 3161 879 3226 aliud
893 3169 999 3227 autem
1014 3161 1196 3228 haereditate
1208 3161 1371 3249 possideri.

219 3260 277 3326 Ille
297 3260 379 3325 enim
403 3261 589 3340 dominatur,
613 3271 646 3327 et
669 3271 792 3348 praeest,
817 3272 849 3329 et
873 3264 1010 3352 disponit
1035 3286 1165 3351 eaquae
1189 3265 1371 3330 haereditate

217 3363 366 3450 possidet,
392 3365 652 3449 quemadmodum
679 3367 746 3452 ipse
771 3367 862 3432 velit:
888 3367 941 3433 illa
967 3389 1038 3433 vero
1064 3369 1206 3455 subjecta
1230 3375 1314 3446 sunt,
1337 3375 1371 3433 et

217 3468 376 3546 obediunt,
392 3476 425 3532 et
439 3467 638 3533 dominantur
657 3470 697 3533 ab
713 3490 761 3547 eo,
785 3479 818 3535 et
833 3472 892 3535 sub
909 3470 1046 3535 dominio
1061 3479 1135 3536 sunt
1148 3473 1217 3556 ejus
1232 3471 1284 3556 qui
1300 3492 1370 3556 pos·

217 3569 308 3635 sidet.
355 3569 438 3652 Quid
461 3569 557 3656 igitur
579 3578 629 3635 est
652 3572 734 3657 quod
759 3570 851 3636 vivitl
873 3572 993 3637 scilicet
1016 3573 1151 3658 Spiritus
1174 3573 1246 3638 Dei.
1291 3572 1370 3654 Qnae

217 3681 291 3738 sunt
304 3680 421 3750 autem,
437 3693 507 3758 quae
521 3680 596 3737 sunt
610 3673 763 3738 ³mortuil
797 3674 924 3740 Scilicet
938 3676 1079 3740 membra
1092 3674 1236 3754 hominis,
1252 3697 1322 3760 quoe
1338 3683 1371 3741 et

217 3785 455 3863 corrumpuntur
469 3776 502 3839 in
516 3783 609 3843 terra.
655 3776 737 3842 Haec
751 3785 856 3842 autem
876 3778 1074 3864 possidentur
1094 3801 1114 3843 a
1137 3778 1255 3864 Spiritu
1270 3787 1370 3843 trans

217 3878 283 3943 lata
296 3878 328 3942 in
342 3901 472 3966 regnum
487 3877 646 3945 coelcrnm.
684 3879 819 3964 Propter
831 3880 892 3946 hoc
906 3888 1012 3945 autem
1027 3889 1060 3946 et
1072 3880 1216 3946 Christus
1230 3890 1371 3946 mortuus
1384 3905 1409 3942 o.
1418 3905 1460 3943 aa

218 3989 277 4060 est,
292 3981 338 4046 uti
353 3989 574 4047 testamentum
590 3982 753 4070 Evangelii
772 3992 924 4069 apertum,
946 3992 979 4049 et
999 3985 1142 4050 universo
1162 3983 1279 4048 mundo
1293 3983 1371 4049 4lec-

217 4090 296 4162 tum,
322 4082 455 4168 primum
480 4083 605 4169 quidem
628 4083 741 4148 liberos
766 4085 883 4150 faceret
908 4107 1015 4151 servos
1038 4108 1130 4162 suos;
1165 4094 1236 4170 post
1260 4085 1372 4151 deinde

218 4186 357 4252 haeredes
371 4209 425 4253 eos
439 4186 642 4252 constitueret
657 4208 764 4252 eorum
779 4210 850 4273 quae
864 4198 970 4254 essent
985 4190 1063 4276 ejus,
1075 4188 1259 4254 haereditate
1274 4188 1372 4275 possi·

267 4400 275 4431 ¹
295 4401 696 4466 cn.t‹mduarem...nmm,and
707 4406 769 4455 loscs
868 4407 879 4440 ³
895 4409 1063 4458 Amometus.

214 4482 319 4546 possidet
330 4485 372 4532 ard
382 4485 446 4534 from
456 4487 500 4534 the
510 4489 643 4552 preceding
654 4489 711 4537 line.
868 4486 880 4519 ⁴
898 4495 1016 4551 apertum,
1044 4488 1154 4549 ἐμφανές.
1194 4487 1374 4548 ἀνεγνωσμένον

267 4563 278 4595 ¹
294 4568 372 4627 ταύτῃ
383 4567 403 4615 is
414 4568 545 4619 canoelled.
819 4570 877 4619 hera
888 4586 947 4634 may
958 4571 988 4620 be
999 4571 1090 4636 simply
1101 4570 1217 4633 nouit-um.
