3000 4994
379 365 462 419 ενοι
488 367 624 421 canum
650 369 957 424 nuunuunuruu.
1172 357 1235 422 101

86 553 162 621 ρους
191 525 401 612 οἰκειότητος,
436 530 478 605 εἷς
512 529 631 628 φιλίαν
656 529 710 600 καὶ
740 531 896 614 ὁμόνοιαν
920 530 996 608 τοὺς
1022 528 1236 629 ἀμφοτέρους
1247 549 1399 634 tropum.

86 650 298 730 συναγαγεῖν·
334 641 387 710 καὶ
424 641 502 731 Θεῷ
530 639 590 725 μὲν
625 651 843 741 παραστῆσαι
876 641 937 716 τὸν
970 640 1152 742 ἄνθρωπον,
1182 643 1236 713 ἇν-
1254 641 1395 728 (ᾗῇἐὲῑῖἶ

86 751 230 848 θρώποις
257 750 291 822 dd
317 754 475 853 γνωρίσαι
505 753 567 827 τὸν
595 755 691 826 θεόν.
1250 734 1400 822 Q

85 939 357 1022 domesticitatem‚
382 944 414 1008 in
439 944 610 1010 amicitiam
633 953 667 1010 et
691 945 887 1011 concordiam
910 954 1058 1032 utrosque
1080 946 1237 1023 reducere,

86 1047 135 1109 ¹et
146 1044 260 1125 facere,
271 1055 306 1111 ut
321 1057 353 1112 et
369 1047 457 1113 Deus
471 1056 643 1114 assumeret
654 1049 822 1127 hominem,
832 1058 865 1114 et
872 1049 965 1115 homo
976 1071 1010 1114 se
1019 1050 1146 1114 dederet
1158 1048 1237 1113 Deo.

87 1148 157 1229 Qua
167 1149 251 1213 enim
260 1151 380 1215 ratione
391 1151 524 1216 filiorum
536 1152 713 1239 adoptionis
723 1153 791 1237 ejus
799 1152 968 1239 participes
982 1174 1051 1217 esse
1065 1173 1237 1238 possemne,

84 1250 146 1314 nisi
165 1274 221 1335 per
237 1252 355 1316 Filium
377 1275 447 1318 eam
461 1277 531 1341 quae
549 1264 597 1321 est
616 1255 658 1320 ad
677 1255 780 1342 ipsum
797 1255 1022 1339 recepissemus
1039 1256 1080 1320 ab
1098 1276 1136 1320 eo
1154 1276 1238 1320 com·

85 1356 275 1436 munionem,
297 1358 356 1424 uisi
376 1361 503 1425 verbum
525 1362 594 1447 ejus
611 1361 874 1426 communicasset
891 1360 983 1426 nobis
1003 1382 1077 1426 caro
1099 1360 1237 1426 factum!

87 1459 283 1546 Quapropter
297 1471 330 1528 et
344 1466 415 1547 ²per
429 1483 554 1527 omnem
568 1463 654 1528 venit
667 1472 805 1539 aetatem,
821 1463 964 1528 omnibus
983 1463 1151 1528 restituens
1168 1484 1238 1527 eam

85 1584 156 1647 quae
170 1564 272 1627 estad
290 1564 394 1630 Deum
408 1566 667 1631 communionem.
706 1565 808 1653 Igitur
822 1565 874 1652 qui
890 1566 999 1631 dicunt
1013 1588 1084 1630 eum
1099 1565 1238 1650 putative

85 1666 327 1746 manifestatum,
343 1690 443 1755 neque
454 1670 487 1733 in
501 1692 593 1734 carne
606 1678 724 1747 natum,
740 1692 840 1756 neque
852 1692 923 1736 vere
937 1670 1095 1734 hominem
1108 1669 1237 1748 sactum,

85 1766 187 1833 adhuc
208 1770 267 1834 sub
281 1771 377 1835 veteri
393 1781 466 1836 sunt
481 1770 692 1849 damnatione,
707 1772 958 1837 aadvocationem
972 1772 1147 1855 praebentes
1167 1791 1238 1855 pec·

86 1879 166 1948 cato,
184 1892 246 1935 non
264 1873 385 1938 devicta
406 1875 577 1939 seeundum
599 1896 654 1939 eos
675 1883 786 1952 morte,
812 1896 882 1959 quae
905 1875 1045 1959 reposcit
1070 1872 1108 1937 od
1131 1874 1238 1937 Adam
1252 1893 1313 1934 nom.
1323 1905 1341 1935 v.
1352 1894 1380 1935 ιι

85 1995 176 2059 usque
189 1974 235 2037 od
244 1975 387 2058 Moyeem,
397 1977 488 2040 etiam
503 1979 536 2040 ιἰι
551 1999 596 2041 coe
610 1978 664 2063 qui
678 1999 737 2040 ooo
747 1985 951 2063 peccaverunt
962 1976 996 2039 io
1009 1974 1239 2039 simulitudinem

85 2079 328 2163 troaeyreeeioois
341 2080 432 2143 Ado.
479 2079 621 2144 Veniens
640 2088 746 2144 autem
761 2080 822 2157 lex,
838 2101 908 2164 quae
922 2079 997 2143 data
1011 2086 1059 2142 est
1074 2100 1130 2164 per
1148 2078 1239 2164 Moy·

85 2202 162 2257 sem,
192 2190 224 2246 et
254 2183 427 2247 testificans
452 2184 491 2248 de
516 2194 654 2268 peccato,
678 2184 825 2269 quoniam
855 2192 1000 2267 peccator
1026 2190 1084 2260 est,
1108 2204 1240 2269 regnum

86 2279 210 2363 quidem
233 2283 301 2367 ejus
322 2281 461 2358 abstulit,
484 2282 637 2347 latronem
658 2289 690 2346 et
717 2305 780 2346 non
801 2304 907 2369 regem
929 2303 1001 2345 eum
1023 2281 1183 2365 detegens,
1206 2289 1239 2345 et

86 2380 274 2446 homicidam
290 2405 361 2448 eum
377 2385 535 2449 ostendit:
559 2383 716 2450 ⁴oneravit
730 2394 836 2449 autem
852 2384 1011 2448 hominem
1031 2383 1083 2467 qui
1104 2382 1239 2447 habebat

85 2493 248 2571 peccatum
264 2486 296 2549 in
311 2508 354 2563 se,
368 2508 456 2551 reum
471 2487 580 2551 mortis
595 2488 762 2552 ostendens
776 2509 858 2552 eum.
897 2485 1052 2570 Spiritalie
1067 2485 1151 2548 enim
1168 2505 1239 2548 cum
1254 2504 1356 2544 noman.
1367 2505 1396 2545 ιι

86 2586 136 2653 lex
158 2598 251 2668 esset,
274 2590 483 2654 manifestavit
506 2591 722 2654 tantummodo
742 2598 915 2674 peccatum,
934 2611 998 2653 non
1017 2597 1123 2652 autem
1144 2587 1240 2652 inter·

84 2691 180 2755 emit:
219 2713 281 2755 non
308 2691 392 2756 enirn
421 2691 551 2776 Spiritui
580 2691 797 2755 dominabatur
825 2699 998 2776 peceatum,
1024 2689 1080 2753 sed
1109 2687 1238 2753 homiui.

87 2794 261 2881 Oportebat
280 2794 363 2859 enim
383 2816 455 2858 eum
479 2794 532 2882 qui
556 2792 707 2879 inciperet
727 2794 867 2859 occidere
888 2802 1060 2877 peccatum,
1083 2801 1116 2856 et
1129 2792 1239 2856 mortis

84 2917 171 2961 reum
200 2898 351 2963 redimere
380 2897 547 2975 hominem,
578 2897 609 2961 id
633 2897 735 2982 ipsum
756 2897 823 2961 fieri
854 2895 936 2981 quod
959 2903 1027 2960 erat
1050 2895 1111 2973 ille,
1135 2894 1239 2959 idest

84 2999 261 3065 hominem:
292 3000 344 3085 qui
374 3022 395 3063 a
422 3008 551 3084 peccato
577 2999 703 3086 quidem
729 2999 761 3062 in
790 2999 950 3063 servitium
979 3006 1098 3062 tractus
1126 2997 1237 3072 fuerat,

84 3123 105 3165 a
124 3109 225 3166 morte
245 3123 316 3166 vero
332 3101 505 3178 tenebatur,
525 3109 562 3164 ut
576 3110 738 3186 peccatum
755 3101 796 3165 ab
810 3100 935 3165 homine
956 3101 1190 3178 interficeretur,
1205 3106 1238 3163 et

79 3275 216 3378 Ὥσπερ
246 3277 313 3378 γὰρ
339 3277 391 3348 διὰ
413 3287 469 3361 τῆς·
496 3287 663 3378 παρακοῆς
689 3283 752 3350 τοῦ
776 3275 843 3356 dode
866 3278 1048 3376 ἆνθρῶπον,
1069 3283 1131 3348 τοῦ
1149 3278 1403 3390 apd-‚pernae

85 3425 149 3471 πως
163 3394 196 3463 ἐκ
210 3400 270 3484 γῆν
284 3388 497 3489 ἆνεργάστου
512 3393 757 3475 πεπλασμένον,
772 3390 967 3490 ἁμαρτωλοὶ
981 3387 1239 3472 κατεστάθησαν
1275 3363 1367 3400 Μ

84 3575 179 3640 homo
204 3576 304 3640 exiret
325 3597 345 3639 a
366 3583 475 3640 morte.
524 3575 790 3656 Quemadmodum
813 3573 896 3639 enim
918 3596 974 3659 per
998 3573 1240 3638 inobedientiam

85 3680 178 3746 unius
192 3679 337 3757 hominis,
349 3679 402 3765 qui
418 3679 537 3763 primus
552 3679 590 3742 de
605 3687 689 3743 terra
702 3678 785 3742 ⁶rudi
800 3678 972 3762 plasmatus
987 3686 1046 3755 est,
1062 3685 1242 3761 peccatores

135 3854 145 3886 ¹
163 3854 267 3903 Latione
277 3860 351 3903 ratus
361 3871 378 3901 a
390 3853 470 3903 Groeco
483 3853 586 3901 multura
596 3852 639 3901 boc
690 3853 775 3903 reader
789 3857 816 3900 to
832 3853 870 3901 his
887 3856 946 3900 note
961 3867 993 3899 on
1006 3849 1129 3906 αᾶνοοοὶα,
1144 3865 1168 3911 p.
1181 3861 1238 3911 429,

84 3936 547 3998 watempacaecideturlnerpm
555 3935 639 3983 mutilo
691 3935 723 3984 G.
754 3933 879 3997 Probably
894 3934 937 3981 the
953 3931 1021 3980 word
1038 3930 1154 3979 advocata
1170 3930 1239 3977 there

87 4018 174 4069 Codice
184 4018 445 4079 ueus,rupplerrmrtum
456 4017 639 4078 miraculosae
690 4021 828 4081 representa
840 4015 978 4077 προστάτις,
989 4021 1144 4074 apati-oreas.
1170 4011 1240 4059 Here

79 4099 174 4163 setim.
206 4099 289 4148 Groeca
302 4097 366 4146 enim
381 4096 519 4145 Tlteodorcti
531 4097 639 4159 pecuina
690 4100 733 4147 the
749 4097 805 4145 idea
817 4097 891 4159 being
909 4094 1033 4157 evidently
1048 4094 1104 4142 that
1121 4092 1149 4140 ol
1164 4091 1240 4139 domi

84 4181 640 4243 mmduoiarenmioulocuaparauelm
691 4179 756 4237 ιιιόιν,
776 4179 818 4226 the
841 4176 908 4224 word
931 4173 1089 4236 προστασίαν,
1113 4171 1240 4232 (rendered

85 4263 158 4326 iufra
165 4280 190 4325 p.
201 4279 214 4325 3
218 4278 255 4324 33,
260 4263 290 4312 G.
300 4263 343 4312 ubi
350 4263 434 4311 itidem
441 4264 471 4311 de
480 4263 573 4312 Christo
580 4262 640 4311 dici·
690 4263 724 4325 by
736 4262 777 4308 the
788 4257 923 4307 translator
934 4257 959 4304 in
970 4256 1003 4304 its
1014 4254 1119 4302 lorensis
1129 4269 1200 4302 aenae
1214 4254 1244 4303 oi

84 4344 637 4408 tur:HominibusquidemontendenaDeum,
687 4340 841 4405 patronam
857 4337 938 4386 would
954 4337 1010 4400 give
1026 4352 1042 4383 a
1057 4351 1119 4399 very
1135 4335 1241 4384 suitable

85 4425 510 4474 Deoautemexhibenehominem.
535 4424 637 4474 Gnuuu.
690 4423 814 4484 meaning.
840 4420 877 4469 Of.
894 4434 946 4482 130,
961 4435 986 4468 11.
1003 4431 1025 4480 7.

134 4507 146 4540 ¹
164 4509 210 4557 See
222 4508 279 4556 Vol.
293 4519 311 4556 1.
325 4524 349 4570 p.
364 4521 418 4569 330.
739 4503 749 4534 ⁴
767 4504 885 4565 ἐβάρυνεν.

135 4588 348 4639 ἀὀνοαανίοιιινα
385 4589 479 4638 Garun
500 4589 575 4637 refers
597 4588 639 4637 the
739 4583 834 4633 ‘roda
875 4585 927 4633 The
950 4583 1057 4647 eristing
1083 4581 1160 4632 Mss.
1183 4580 1242 4630 read
