3000 4994
218 361 285 433 472
687 377 716 431 s.
744 374 895 431 mnumr

217 537 363 606 ἕνοῦνται
386 533 498 633 αὐτῇ),
529 531 620 605 ι’όστε
642 563 684 616 με
703 529 859 604 δόνασθαι
878 534 979 602 εἰπεῖν
996 531 1050 602 καί
1069 530 1130 603 τόν
1148 533 1270 613 τόπον,
1296 532 1380 620 ε’νῷ

217 645 433 747 καθεζόμενος
468 644 640 737 διελέγετο
681 645 699 714 ὁ
742 640 903 743 μακάριος
942 643 1177 744 Πολόκαρπος,
1220 643 1276 714 καί
1311 641 1376 719 τὰς

217 752 401 859 ὕπροόδους
425 759 526 830 αὐτοῦ
553 757 606 828 καί
636 754 698 833 τὰς
728 754 882 841 εἰσόδους,
911 756 965 827 καί
991 755 1052 827 τόν
1078 762 1277 854 χαρακτῆρα
1311 760 1376 827 τοῦ

217 872 304 959 βίου,
340 871 393 943 καί
427 871 488 953 τὴν
524 875 588 942 τοῦ
624 871 779 953 σώματος
818 866 915 953 ι’δέαν,
954 869 1008 939 καί
1041 866 1103 945 τὰς
1139 866 1302 961 διαλέξεις
1335 861 1375 943 dc

217 984 365 1055 ε’ποιεῖτο
396 981 480 1082 πρός
513 981 557 1054 τό
590 984 726 1066 πλῆθος,
757 979 811 1052 καὶ
837 981 897 1064 τὴν
925 977 1012 1064 μετὰ
1037 978 1187 1052 Ἰωάννου
1210 981 1374 1051 7συνανα-

218 1097 376 1195 στροφὴν
415 1099 455 1172 ὡς
488 1094 698 1185 άπήγγελλε,
729 1093 783 1164 καί
813 1094 873 1176 τὴν
903 1090 989 1177 μετὰ
1022 1098 1088 1165 τῶν
1131 1097 1260 1164 λοιπῶν
1306 1097 1375 1164 τῶν

218 1210 407 1308 ἑωρακότων
443 1205 504 1281 τὸν
541 1205 674 1306 Κόριου,
702 1205 755 1277 καί
787 1209 826 1282 ὡς
857 1205 1098 1290 ἀπεμνημόνευε
1134 1205 1210 1283 τοῦς
1244 1205 1374 1296 λόγους

218 1322 332 1393 adrev·
363 1320 415 1390 καί
440 1319 517 1419 περί
542 1323 605 1389 τοῦ
628 1318 755 1418 Κόριου
779 1318 856 1390 τίνα
880 1318 917 1402 eiu
943 1317 964 1389 d
988 1320 1066 1417 παρ’
1089 1317 1211 1389 ἐκείνων
1229 1316 1371 1400 ἆκηκόει,

216 1434 270 1505 καί
306 1433 382 1533 περί
420 1436 486 1504 τιῦν
522 1426 681 1513 δυνάμεων
712 1431 822 1514 αῦτοῦ,
847 1431 901 1502 καί
938 1431 1015 1529 περί
1050 1438 1107 1513 τῆς
1144 1428 1373 1514 διδασκαλίας,

217 1549 257 1623 ὡς
285 1542 378 1644 παρὰ
410 1549 475 1617 τιῦν
505 1544 684 1614 αὐτοπτῶν
711 1550 768 1627 της
802 1540 881 1644 ζωῆς
912 1548 975 1614 τοῦ
1008 1543 1118 1634 λόγου
1152 1542 1373 1642 παρειληφὼς

217 1658 492 1757 ὁΠολόκαρπος,
522 1655 744 1747 7άπῆγγελλε
765 1651 878 1727 πάντα
910 1656 1073 1754 σόμφωνα
1098 1665 1173 1731 ταῖς
1206 1654 1373 1755 γραφαῖς.

218 1769 338 1842 Ταῦτα
357 1770 409 1840 καί
433 1770 518 1841 τότε
535 1765 588 1839 διὰ
613 1767 656 1839 τό
680 1768 771 1844 ἔλεος
797 1773 859 1839 τοῦ
877 1767 965 1838 Θεοῦ
987 1766 1030 1839 τὸ
1053 1768 1104 1836 ἐπ’
1130 1766 1203 1852 ἐμοὶ
1229 1764 1375 1859 γεγονός

218 1881 400 1958 σπουδαίως
435 1880 557 1965 ἤκουον,
587 1877 934 1979 ῦπομυηματιζόμενος
966 1876 1060 1964 αῦτᾶ,
1093 1880 1149 1951 οῦκ
1179 1880 1213 1948 ἐν
1247 1875 1374 1977 χάρτη,

217 1994 294 2065 αλλ’
327 1995 360 2063 ε’ν
386 1997 430 2086 τῇ
458 1994 518 2086 ε’μῇ
546 1990 672 2090 καρδίᾳ·
714 1992 767 2062 καί
798 1992 847 2061 dei
878 1989 931 2061 διὰ
964 1992 1024 2074 τὴν
1059 1988 1159 2091 χάριν
1187 1996 1250 2062 τοῦ
1282 1991 1377 2062 θεοῦ

218 2106 356 2199 γνησίως
384 2102 469 2177 αὐτὰ
496 2104 757 2202 ἆναμαρυκῶμαι.
809 2103 880 2174 Καί
910 2102 1045 2187 δύναμαι
1078 2101 1374 2203 διαμαρτύρασθαι

217 2219 408 2318 ἔμπροσθεν
443 2221 505 2289 τοῦ
537 2215 632 2301 Θεοῦ,
664 2216 719 2288 ότι
754 2215 816 2287 ε’ίτι
848 2221 1005 2288 τοιοῦτον
1039 2216 1165 2298 ἀκηκόει
1198 2216 1319 2293 ἐκεῖνος
1353 2218 1373 2287 ὁ

216 2328 376 2430 μακάριος
405 2329 457 2401 καί
491 2326 722 2406 άποστολικδς
757 2329 998 2429 πρεσβύτερος,
1027 2324 1213 2427 ἆνακρόξας
1242 2323 1284 2399 όν
1316 2327 1373 2400 καί

216 2436 249 2480 ge
339 2441 347 2465 ι
451 2439 460 2465 ς
495 2441 512 2473 ης
604 2440 613 2467 ς
660 2446 676 2463 Α
747 2440 789 2490 ς9
867 2438 876 2463 t
923 2439 932 2465 ς
989 2443 998 2469 ς
1124 2440 1173 2466 eo
1226 2441 1242 2474 a
1363 2439 1372 2465 r

232 2442 407 2544 εμφραξας
420 2473 465 2515 τα
483 2472 554 2514 ωτα
574 2472 684 2525 αυτου,
703 2472 757 2512 και
794 2472 881 2512 κατα
893 2472 936 2512 το
956 2444 1087 2524 συνηθες
1104 2471 1210 2524 ειπων,
1244 2439 1376 2513 Ωκαλε

215 2674 373 2754 discimus,
398 2675 492 2740 simul
516 2696 589 2740 cum
622 2673 727 2739 animo
750 2672 819 2758 ipso
844 2673 1033 2753 coalescunt,
1057 2675 1148 2759 eique
1171 2674 1299 2761 penitus
1324 2676 1374 2740 in·

215 2777 368 2858 haerent);
391 2777 470 2843 adeo
493 2784 530 2841 ut
551 2784 585 2843 et
608 2777 711 2842 locum
735 2776 836 2841 dicere
856 2777 982 2863 possim,
998 2778 1030 2840 in
1049 2800 1110 2863 quo
1128 2778 1239 2844 sedens
1256 2779 1375 2845 beatus

216 2878 408 2966 Polycarpns
422 2879 603 2957 disserebat,
619 2900 782 2964 processus
796 2900 919 2966 quoque
930 2881 998 2966 ejus
1012 2889 1045 2944 et
1056 2879 1223 2966 ingressus,
1235 2879 1374 2966 vitaeque

215 2983 342 3048 modum
364 2990 397 3047 et
418 2982 557 3069 corporis
577 2982 899 3067 speciem,ser1nones
921 2982 1055 3069 denique
1076 3004 1155 3070 quos
1173 2983 1215 3048 ad
1229 2983 1372 3048 multitu-

215 3083 320 3148 dinem
354 3083 507 3158 babebat;
550 3091 583 3148 et
620 3082 803 3148 familiarem
835 3083 1101 3162 consuetudinem,
1125 3106 1195 3171 quae
1221 3085 1265 3149 illi
1299 3107 1372 3151 cum

215 3184 374 3263 «iohanne,
390 3205 427 3248 ac
453 3183 580 3268 reliquis
605 3184 658 3270 qui
682 3183 854 3248 Dominum
877 3185 1026 3265 viderant,
1042 3186 1227 3264 intercessit,
1241 3195 1278 3252 ut
1300 3209 1372 3252 nar-

215 3288 315 3364 rabat,
326 3295 358 3351 et
373 3286 505 3372 qualiter
514 3286 599 3351 dicta
609 3307 717 3351 eorum
727 3290 1010 3354 commemorabat:
1033 3311 1166 3377 quaeque
1180 3290 1219 3354 de
1231 3289 1371 3355 Domino

215 3411 257 3454 ex
276 3389 352 3474 ipsis
372 3386 542 3466 audiverat,
558 3387 598 3452 de
617 3387 773 3454 miraculis
794 3390 876 3455 illius
894 3391 990 3456 etiam
1011 3412 1048 3456 ec
1071 3393 1110 3457 de
1130 3392 1282 3472 doctrina,
1299 3415 1370 3479 quae

214 3493 256 3558 ab
271 3492 320 3571 iis,
336 3491 389 3577 qui
406 3489 548 3555 Verbum
562 3490 634 3556 vitae
652 3490 711 3578 ipsi
731 3503 967 3577 conspexerant,
982 3503 1146 3580 acceperat
1166 3494 1369 3582 Polycarpum,

215 3595 347 3684 qualiter
371 3594 535 3672 referebat,
550 3603 664 3659 cuncta
691 3595 859 3681 Scripturis
892 3617 1038 3663 consona.
1092 3598 1174 3662 Haec
1195 3600 1263 3683 jam
1294 3605 1370 3664 tunc

215 3699 364 3787 temporis
378 3721 433 3786 per
448 3696 511 3762 Dei
525 3697 732 3778 clementiam,
743 3721 813 3784 quoe
824 3699 901 3763 mihi
913 3698 1036 3786 obtigit,
1045 3701 1184 3766 studiose
1194 3701 1369 3780 audiebam,

215 3824 279 3868 non
293 3803 326 3868 in
339 3803 457 3880 charta,
472 3801 528 3866 sed
543 3801 575 3864 in
590 3802 683 3867 corde
698 3824 768 3867 meo
782 3823 820 3867 ea
840 3801 1038 3890 consignans,
1053 3811 1086 3868 et
1100 3825 1222 3888 semper
1236 3826 1293 3888 per
1307 3803 1369 3869 Dei

215 3906 350 3993 gratiam
364 3911 474 3969 exacte
495 3925 534 3967 ea
554 3912 659 3969 mente
681 3904 814 3969 revolvo.
857 3906 966 3991 Atque
985 3905 1018 3970 in
1034 3914 1203 3991 conspectu
1219 3905 1281 3971 Dei
1296 3927 1369 3971 con·

215 4008 325 4074 testari
339 4027 477 4094 possum,
492 4005 619 4070 beatum
643 4004 728 4070 illum
743 4012 776 4070 et
789 4005 994 4092 apostolicum
1015 4007 1248 4094 Presbyterum,
1263 4007 1291 4072 si
1306 4007 1370 4073 tale

216 4111 290 4199 quid
304 4109 483 4187 audivisset,
498 4107 743 4173 exclamaturum
758 4129 844 4186 eane,
859 4129 897 4173 ac
912 4110 1066 4175 obturatis
1080 4110 1207 4176 auribus
1220 4110 1297 4190 suis,
1312 4133 1370 4198 pro

265 4336 276 4371 ⁸
292 4337 431 4386 Vmerus
441 4336 533 4386 retains
549 4335 665 4398 παρόδους
680 4352 712 4384 on
724 4337 768 4386 the
816 4336 952 4401 applicable
963 4344 990 4387 to
1001 4337 1149 4401 missionory
1160 4337 1293 4386 exertionu.

215 4417 767 4483 authorityoiMSS,butrendorstboword
866 4417 1007 4469 ⁷Nmurfl.
1035 4420 1196 4482 ἀναστροφὴν,
1220 4418 1271 4466 and
1293 4417 1371 4468 lower

215 4517 244 4550 aa
267 4500 388 4560 τριόδους,
407 4499 489 4550 which
512 4499 616 4564 reading
637 4500 683 4549 hoa
704 4500 767 4549 been
817 4500 1049 4560 ἀοπαατήγγειλε.

212 4579 324 4647 adopted
342 4581 428 4631 above.
465 4581 519 4629 'l'ba
541 4585 604 4630 term
621 4581 728 4646 perhaps
746 4581 767 4630 is
867 4579 878 4613 ⁸
894 4581 920 4629 A
931 4579 1003 4629 mark
1018 4579 1047 4627 ol
1058 4577 1207 4628 detestation
1221 4574 1271 4625 aud
1282 4576 1372 4626 horror
