3000 4994
253 324 321 391 368
641 336 709 390 usa
732 336 856 388 rauna
881 336 1027 388 nosraa

121 515 175 556 ffl-
183 515 211 556 V·
251 498 316 569 Ἐν
353 507 425 575 τοῖς
460 497 610 634 πρόσθεν
646 495 780 596 χρόνοις
813 497 954 587 ἐλέγετο
987 492 1046 578 μὲν
1075 496 1147 565 κατ’
1181 493 1287 564 εἰκόνα
1321 493 1408 562 θεοῦ

132 563 228 601 xv.l.l

98 608 232 695 ‘fflg'iV
255 612 427 703 γεγονέναι
457 609 518 683 τόν
528 609 786 755 ἅνθρανπον,’
749 641 804 680 ουκ
831 607 991 679 ἐδείκνυτο
1016 605 1110 677 δε’·”
1090 638 1140 677 ετι
1167 604 1235 705 γὰρ
1260 607 1408 705 ἀόρατος·

90 701 240 856 ΒΤ-ἒῖ
255 725 330 807 ἢν
313 756 332 795 ο
356 722 484 814 Λόγος,
509 723 546 794 ου
567 724 643 795 κατ’
665 723 771 794 εἰκόνα
799 723 817 793 ὁ
845 720 1053 819 ἅνθρωπος
1038 747 1197 811 ⁶V⁶V⁰W
1230 717 1283 788 διὰ
1301 723 1407 789 τοῦτο

88 861 236 950 {muman
256 835 293 919 δη
328 836 382 906 καὶ
417 867 478 918 την
511 835 668 919 ὁμοίωσιν
698 833 816 933 ῥᾳδίως
851 834 1033 921 ἀπέβαλεν.
1086 832 1216 903 Ὁπότε
1253 830 1288 901 δὲ
1319 828 1409 928 σὰρξ

88 955 161 1003 W
256 951 391 1040 ἐγένετο
410 980 428 1019 o
418 947 570 1040 Λόγος
588 980 649 1021 του
635 944 820 1031 Θεοῦ,
780 979 825 1019 τα
843 947 1235 1045 ἆμφότεραέπεκόρωσε·
1264 941 1408 1041 καὶγὰρ

255 1063 309 1132 καὶ
334 1093 394 1143 την
425 1063 531 1132 εἰκόνα
560 1059 678 1155 εδειξεν
708 1060 845 1142 ἀληθῶς,
874 1057 972 1134 αὐτὸς
995 1064 1101 1130 τοῦτο
1123 1059 1297 1148 γενόμενος
1322 1057 1406 1154 ὅπερ

256 1175 292 1257 ἦν
311 1178 329 1255 ἦ
350 1172 439 1244 εἰκὼν
458 1174 569 1245 αότοῦ·
596 1174 649 1243 καὶ
669 1173 729 1254 τὴν
749 1172 907 1255 ὁμοίωσιν
931 1172 1095 1256 ιβεβαίως
1113 1173 1312 1253 κατέστησε,
1332 1201 1407 1239 συν-

254 1285 457 1381 εξομοιιόσας
472 1284 534 1358 τδν
549 1285 722 1384 ἄνθρωπον
740 1293 790 1375 τῷ
807 1281 942 1383 ἇορότῳ
962 1285 1068 1384 πατρί
1080 1336 1087 1351 .
1102 1337 1130 1352 ..

254 1424 355 1491 Patri.
400 1425 440 1489 In
459 1424 624 1512 praeteritis
638 1423 738 1488 ²enim
758 1423 957 1509 temporibus,
978 1422 1137 1501 dicebatur
1155 1421 1278 1509 quidem
1297 1442 1406 1486 secun·

253 1527 328 1593 dum
342 1528 510 1616 imaginem
525 1527 586 1592 Dei
605 1528 722 1593 lactum
741 1548 810 1592 ease
829 1526 997 1604 hominem,
1016 1549 1079 1591 non
1098 1534 1203 1591 autem
1224 1525 1407 1589 ostendeba-

253 1639 315 1697 tur.
359 1630 475 1697 Adhuc
489 1631 572 1696 enim
588 1630 737 1696 invisibile
755 1637 822 1694 erat
838 1629 990 1707 Verbum,
1006 1632 1095 1717 cujus
1112 1628 1283 1694 secundum
1297 1627 1407 1714 imagi·

253 1755 325 1798 nem
346 1733 440 1799 homo
461 1735 580 1800 ³iactus
600 1733 710 1799 iuerat.
757 1733 891 1819 Propter
912 1732 972 1797 hoc
993 1740 1098 1797 autem
1110 1732 1153 1797 'et
1173 1731 1408 1796 similitudinem

253 1835 343 1900 facile
356 1836 472 1902 ammit.
517 1836 648 1918 Quando
662 1844 769 1901 autem
788 1858 860 1901 caro
877 1835 1018 1901 Verbum
1033 1834 1095 1900 Dei
1112 1835 1230 1901 factum
1244 1844 1304 1912 est,
1323 1844 1407 1899 utra·

253 1959 313 2024 que
339 1939 550 2004 confirmavit:
582 1948 614 2004 et
642 1938 809 2024 imaginem
835 1938 919 2003 enim
948 1939 1084 2003 ostendit
1112 1959 1225 2015 veram,
1255 1937 1322 2023 ipse
1348 1938 1408 2004 hoc

253 2041 358 2120 ⁴fieus,
381 2042 550 2127 quoderat
569 2040 673 2129 imago
695 2042 780 2128 ejus3
803 2050 837 2106 et
857 2041 1090 2107 similitudinem
1112 2042 1240 2106 firmam
1260 2042 1406 2121 restituit,

253 2143 443 2209 consimilem
457 2143 575 2209 iaciens
589 2143 745 2209 hominem
760 2144 903 2209 invisibili
920 2143 1008 2209 Patri
1024 2167 1079 2231 per
1092 2144 1211 2210 visibile
1227 2144 1381 2211 Verbum.

319 2250 349 2313 2.
389 2247 435 2312 Et
445 2268 509 2312 non
524 2247 624 2312 solum
640 2256 744 2313 autem
761 2269 816 2332 per
829 2270 868 2313 ea
882 2270 952 2333 qnae
966 2248 1116 2334 praedicta
1130 2257 1214 2328 sunt,
1229 2258 1262 2314 et
1278 2248 1406 2313 Patrem

253 2351 500 2438 etsemetipsum
515 2351 724 2417 manifestavit
745 2351 911 2430 Dominus,
929 2350 1092 2417 sedetiam
1108 2374 1163 2438 per
1177 2352 1275 2438 ipsam
1290 2353 1407 2439 passio·

253 2475 335 2520 nem.
372 2454 554 2520 Dissolvena
575 2454 658 2520 euim
681 2477 751 2519 eam
773 2476 843 2542 quae
866 2457 907 2520 ab
929 2454 1017 2519 initio
1039 2454 1073 2518 in
1093 2455 1178 2542 ligno
1200 2456 1283 2521 iacta
1308 2456 1408 2521 iuerat

168 2614 173 2626 .
252 2556 387 2622 hominis
401 2556 651 2635 inobedientiam,
663 2556 799 2623 obediens
805 2560 914 2643 sactus
928 2568 970 2623 eat
979 2580 1069 2644 usque
1082 2558 1129 2622 acl·
1139 2568 1272 2637 nwrtera,
1286 2570 1409 2625 mortem

252 2671 353 2726 cotem
366 2661 475 2738 omn,
490 2665 577 2725 ⁶eam
587 2681 658 2746 quae
669 2660 702 2725 in
712 2661 796 2747 ligno
805 2661 888 2727 facta
897 2661 999 2727 iuerat
1010 2661 1260 2739 inobedientiam,
1273 2685 1408 2749 peream

252 2785 322 2851 quae
336 2764 370 2828 in
383 2763 467 2850 ligno
482 2763 582 2828 fuerat
597 2764 806 2830 obedientiam
820 2786 946 2829 sanans.
985 2765 1059 2830 Non
1073 2775 1179 2831 autem
1195 2789 1249 2852 per
1259 2769 1408 2832 fleandem

252 2867 387 2932 venisset
401 2866 559 2931 exsolvere
573 2889 652 2946 eam,
668 2889 739 2954 quae
754 2868 854 2933 fuerat
873 2890 948 2954 erga
967 2867 1186 2954 plasmatorem
1206 2877 1346 2934 nostrum
1361 2869 1406 2933 in·
1420 2898 1445 2937 ο.
1454 2898 1492 2936 us

252 2970 468 3046 obedientiam,
484 2969 511 3035 si
526 2970 659 3034 alterum
672 2971 879 3036 annuntiabat
894 2971 1034 3038 Patrem.
1065 2972 1218 3054 Quoniam
1232 2982 1337 3037 autem
1353 2996 1408 3058 per

252 3072 331 3150 haec,
347 3094 402 3158 per
416 3094 486 3159 quae
501 3095 564 3137 non
579 3074 787 3139 ⁷obedivimus
803 3074 882 3154 Deo,
898 3084 931 3140 et
945 3098 1008 3141 nou
1022 3076 1209 3141 credidimus
1221 3078 1289 3162 ejus
1303 3078 1406 3155 verbo,

253 3196 309 3261 per
331 3174 400 3239 haec
423 3175 532 3240 eadem
554 3176 762 3241 obedientiam
783 3176 964 3258 introduxit,
987 3188 1019 3244 et
1045 3201 1115 3244 eam
1136 3200 1206 3266 quae
1227 3189 1310 3245 essct
1333 3202 1409 3267 erga

205 3346 211 3358 ·
257 3307 318 3378 Ἑν
341 3305 401 3392 μὲν
421 3305 490 3406 γὰρ
509 3311 558 3398 τῷ
576 3311 697 3408 πρώτῳ
714 3308 828 3394 Ἀδὰμ
849 3314 1124 3410 προσεκόψαμεν,
1145 3315 1189 3398 μὴ
1209 3320 1409 3398 ποιήσαντες

256 3422 358 3492 αὑτοῦ
382 3419 443 3504 τὴν
467 3421 616 3504 ἐντολήν·
660 3424 694 3492 ἐν
719 3421 754 3492 δὲ
777 3432 827 3514 τῷ
856 3423 995 3523 δευτέρῳ
1025 3425 1138 3511 Ἀδὰμ
1167 3428 1410 3511 ἀποκατηλλά-

256 3576 398 3642 Verbum
424 3578 492 3663 ejus
520 3577 742 3658 assensionem,
773 3602 828 3665 per
854 3603 923 3667 que
953 3583 1116 3648 manifeste
1146 3583 1247 3671 ipsum
1271 3587 1408 3652 ostendit

254 3680 377 3746 Deum:
401 3701 493 3767 quem
514 3680 546 3744 in
567 3680 667 3766 primo
689 3683 814 3769 quidem
836 3685 942 3749 Adam
964 3685 1156 3767 offendimus,
1179 3711 1242 3754 non
1260 3690 1409 3756 iacientes

303 3816 312 3850 ¹
330 3818 384 3868 Int.
396 3821 511 3882 βεβαιῶν.
857 3822 1005 3873 Baunaao:
1025 3824 1119 3874 Contra
1135 3825 1328 3892 inobedientiam
1345 3829 1411 3878 Adae

303 3898 315 3932 ¹
337 3901 409 3962 enim,
433 3902 538 3951 omitted
560 3902 587 3951 in
616 3903 659 3952 tha
686 3903 804 3964 Annum,
857 3904 931 3954 datur
947 3907 993 3954 tibi
1006 3907 1147 3957 obedientia
1165 3909 1265 3959 Christi.
1300 3911 1344 3960 Ad
1366 3911 1410 3976 lig·

254 3998 333 4031 mama
355 3983 462 4044 natural,
485 3983 534 4032 and
557 3986 606 4045 γὰρ
632 3985 738 4048 perhaps
760 3985 805 4033 baa
857 3999 917 4031 num
930 3984 1036 4032 vetitum
1051 3991 1123 4034 vetus
1138 3986 1221 4035 Adam
1234 3989 1342 4037 tetendit
1357 4007 1409 4037 ma·

253 4064 316 4112 boen
333 4063 458 4113 caucelled
472 4064 606 4128 purpoaely
624 4065 649 4113 in
666 4066 709 4114 the
723 4065 806 4114 Greek
857 4081 905 4114 nus
916 4065 1018 4114 noxias:
1036 4067 1062 4114 in
1074 4066 1141 4130 ligno
1156 4069 1284 4118 salutifero
1296 4071 1410 4120 innoxiae

254 4141 387 4205 fragment.
857 4161 945 4195 manua
969 4147 1083 4197 chrisma
1100 4149 1219 4200 extendit.
1254 4151 1328 4201 Serra
1347 4152 1376 4200 in
1398 4168 1408 4201 r

303 4222 314 4254 ⁸
324 4222 417 4285 sacua,
426 4224 536 4285 (innam,
546 4224 636 4285 Voss,
645 4226 691 4274 but
702 4225 806 4274 omitted
856 4228 949 4291 Eplpl.

253 4306 361 4354 Auum
906 4306 917 4339 ⁶
934 4312 997 4359 rard
1008 4313 1052 4370 τὴν
1064 4313 1145 4373 αὐτὴν,
1158 4328 1189 4361 re.
1203 4314 1290 4363 εἰκόνα.

302 4384 395 4448 ⁴fiens,
413 4387 543 4437 alteredin
555 4388 709 4438 theomari
722 4392 750 4437 to
761 4387 805 4451 fn·
905 4390 916 4424 ⁷
934 4392 1043 4454 crans
1063 4393 1144 4443 Voss.
1159 4394 1301 4442 audivimas
1313 4394 1410 4446 Deam.-

254 4466 326 4517 σίου.
857 4473 900 4521 tha
915 4474 1023 4525 Aaunn
1041 4476 1120 4524 acribo
1137 4476 1285 4540 apparently
1301 4485 1410 4527 correcta

158 4576 165 4605 ι
303 4549 315 4581 ⁶
331 4549 426 4601 Gitana
448 4557 537 4617 quotes
558 4554 602 4603 the
623 4554 704 4604 worda
725 4554 754 4603 oi
776 4555 802 4606 S.
857 4556 961 4616 himself,
976 4556 1071 4608 forcia
1082 4558 1181 4608 written
1193 4575 1261 4623 upon
1272 4575 1298 4609 α.
