3000 4994
248 340 316 405 394
661 355 845 410 cnutsuns
871 355 981 407 cums

117 523 170 564 tut.
181 525 208 565 V.

116 572 176 611 xxvi.
186 573 203 610 l.

88 617 134 657 GR
143 618 169 657 V.
178 616 236 656 xxvi

103 663 219 749 tetii·
694 682 795 749 cnr.
819 682 961 749 xxm.
1416 700 1491 742 en.

253 835 353 927 outo
369 837 559 912 Jolmnnes
576 850 608 912 et
633 837 775 913 Daniel
793 837 1047 937 predicetnnt
1069 836 1224 936 imperii
1242 834 1410 911 Romani

325 955 596 1031 dissolutionem
626 969 658 1031 et
687 954 954 1050 desolationem,
981 983 1059 1055 qne
1074 957 1196 1053 finem
1216 953 1349 1028 memoli
1375 967 1407 1028 et

326 1073 496 1171 Repnnm
508 1074 648 1149 Cernit
659 1087 832 1150 oeternum
843 1074 1040 1173 precede&
1058 1073 1273 1172 refiellnntm·
1290 1071 1408 1146 olium

325 1218 350 1265 o
360 1189 565 1289 Deminrpo
578 1205 728 1291 patrem
741 1192 979 1289 confinpentes
992 1190 1166 1282 Gnostici,
1183 1190 1336 1264 Sntonoe
1347 1216 1405 1264 or-

323 1334 435 1405 pone,
456 1336 609 1408 qnorum
624 1336 739 1409 opero
755 1336 851 1384 nnnc
868 1309 993 1384 Denm
1010 1322 1136 1407 operte
1154 1308 1387 1407 blasphemat.

252 1476 281 1539 1.
322 1474 564 1539 Mnumusmns
587 1474 688 1541 adhuc
710 1474 806 1540 etiam
827 1475 866 1540 de
888 1475 1055 1540 novissimo
1077 1482 1226 1558 tempore,
1248 1482 1281 1538 et
1299 1472 1338 1536 de
1356 1470 1407 1537 his

251 1578 388 1665 quisunt
403 1579 434 1643 in
449 1601 487 1644 eo
502 1580 609 1645 decem
621 1580 757 1666 regibus,
773 1577 804 1642 in
820 1600 898 1664 quos
909 1578 1064 1642 dividetur
1080 1578 1162 1664 quod
1179 1597 1261 1641 nunc
1277 1580 1406 1663 ¹regnat

252 1680 424 1767 imperium,
440 1681 626 1769 significavit
641 1682 665 1746 J
667 1683 805 1747 ohannes
818 1681 946 1748 Domini
963 1680 1122 1766 discipulis
1137 1679 1169 1743 in
1185 1678 1404 1765 ²Apoealypsi‚

252 1783 426 1848 edisserens
441 1806 509 1870 quse
525 1784 638 1849 fuerint
653 1785 762 1849 decem
776 1805 901 1862 cornua,
917 1805 986 1868 quae
1001 1805 1021 1846 a
1036 1782 1166 1846 Daniele
1180 1781 1246 1846 visa
1260 1790 1343 1857 sunt,
1359 1780 1406 1844 di-

87 1902 214 1990 ffingit.
255 1905 331 1950 cens
350 1884 395 1950 sio
415 1885 533 1950 dictum
548 1907 616 1950 esse
631 1886 709 1951 sibi:
730 1886 794 1952 ³Et
813 1886 913 1951 decom
929 1906 1042 1949 eornm
1062 1906 1131 1970 qnoe
1145 1883 1260 1960 nidisti,
1281 1883 1408 1948 *onem

87 1997 236 2083 ἒξξῖὂὶῗζο.
255 2006 336 2070 letti
356 1993 435 2065 mlii,
456 1988 510 2072 qm‘
531 2008 654 2073 repnnm
676 1988 825 2052 ⁴nondum
846 1993 1034 2074 occeperunt,
1056 1985 1110 2049 sed
1121 1993 1297 2071 potestatem
1318 1984 1409 2070 quoni

90 2097 215 2130 ’ΝΜ
255 2109 337 2173 repes
356 2111 419 2153 nno
432 2090 507 2153 lora
522 2091 672 2176 accipient
690 2114 758 2155 cum
778 2089 882 2156 testim
918 2089 967 2153 Hi
980 2110 1074 2153 onom
1091 2088 1268 2153 sententiam
1287 2086 1406 2166 leont,

253 2200 282 2255 et
295 2192 437 2258 oirtntem
453 2201 481 2257 et
487 2200 664 2278 potestatem
681 2215 772 2258 enom
786 2192 885 2258 lectior
902 2193 987 2257 dent.
1023 2191 1090 2255 ⁵Hi
1106 2213 1173 2254 cnm
1192 2212 1269 2275 opno
1282 2212 1408 2276 popon-

253 2292 334 2373 lmtt,
351 2305 380 2360 et
393 2318 490 2383 npnm
504 2297 671 2375 vineatam,
688 2298 831 2383 qnoniam
846 2297 998 2361 Dominus
1011 2296 1213 2359 Dominormn
1229 2303 1280 2370 eet,
1297 2303 1325 2358 et
1339 2295 1408 2359 ltin

252 2398 380 2484 Bepnm.
413 2400 618 2465 Manifestum
633 2411 682 2466 est
697 2400 812 2485 itaque,
829 2399 974 2486 quoniam
988 2421 1028 2463 ex
1042 2398 1091 2463 his
1101 2407 1166 2463 tres
1178 2397 1343 2463 interficiet
1357 2396 1408 2462 ille

253 2501 305 2587 qui
325 2510 473 2568 venturus
487 2510 545 2582 est,
565 2511 597 2568 et
612 2504 720 2590 reliqui
742 2503 945 2591 subjicientur
961 2502 1001 2580 ei,
1016 2510 1049 2568 et
1069 2502 1135 2589 ipse
1151 2511 1278 2567 octavus
1292 2501 1325 2565 in
1340 2500 1405 2566 eis:

253 2613 286 2670 et
300 2607 466 2671 vastabunt
487 2606 688 2694 Babylonem,
704 2615 737 2672 et
757 2607 940 2672 comburent
961 2627 1030 2671 eam
1051 2604 1125 2691 igni,
1147 2613 1180 2669 et
1198 2605 1317 2669 dabunt
1336 2628 1408 2692 reg-

252 2728 329 2772 num
343 2730 435 2773 suum
454 2710 573 2787 bestico,
596 2721 629 2776 et
646 2711 828 2798 effugabunt
850 2708 1042 2774 Ecclesiam:
1066 2716 1138 2794 post
1159 2708 1270 2772 deinde
1289 2709 1330 2772 ab
1353 2708 1407 2771 nd-

252 2817 348 2876 ventu
369 2811 497 2875 Domini
520 2812 618 2878 nostri
639 2813 846 2878 destruentur.
892 2812 1046 2894 Quoniam
1067 2812 1150 2876 enim
1170 2819 1292 2897 oportet
1311 2810 1406 2875 dividi
1420 2835 1492 2875 nar.

90 2937 234 2979 naitanus
254 2934 394 3000 regnum,
411 2915 504 2980 etsie
523 2914 671 3001 deperire,
686 2914 861 2980 ⁶Dominus
877 2914 941 2979 ait:
969 2916 1062 2978 Omne
1081 2937 1205 3000 repnnm
1224 2914 1359 2979 clinicum
1373 2915 1408 2979 in

253 3039 293 3095 ee,
310 3014 511 3082 desolabitur:
535 3028 564 3084 ot
577 3019 671 3083 ottenis
689 3018 799 3082 civitae
812 3017 861 3082 nel
878 3018 982 3082 donans
999 3018 1101 3083 dicim
1119 3019 1154 3083 in
1172 3039 1211 3095 ee,
1230 3040 1288 3082 non
1306 3017 1408 3084 etnim

254 3118 359 3184 Dividi
371 3119 467 3206 igitur
481 3130 514 3187 et
528 3143 669 3208 regnum,
685 3128 718 3185 et
733 3119 901 3198 civitatem,
914 3131 947 3186 et
961 3121 1088 3185 domum
1101 3129 1224 3206 oportet
1236 3119 1268 3184 in
1281 3120 1406 3186 decem:

252 3228 286 3285 et
300 3230 464 3306 propterea
473 3222 540 3309 jam
555 3223 754 3309 partitionem
768 3231 801 3287 et
815 3222 997 3288 divisionem
1011 3223 1231 3311 praefiguravit.
1280 3222 1324 3288 Et
1338 3222 1409 3287 dili·
1486 3242 1489 3247 ’

303 3406 312 3440 ¹
330 3409 382 3459 An.
396 3415 504 3472 mpnnnt.
850 3409 1102 3473 pretationeintcllipit
1109 3410 1281 3473 Hieronymus.
1295 3408 1408 3459 Aneae'm

303 3488 805 3556 'Exloclocopertpicimmlillrumrlpo-
855 3492 933 3540 utinm
949 3492 1081 3555 scripserit,
1097 3492 1160 3541 miti
1176 3492 1292 3542 tricenum
1305 3499 1352 3542 rat:
1368 3507 1407 3541 ne-

256 3572 376 3636 colypacor
395 3573 426 3622 ab
442 3572 509 3621 omni
527 3572 671 3636 antiquitate
689 3582 809 3638 receptum
856 3589 900 3636 quc
922 3574 1022 3624 menne
1038 3575 1137 3623 memini
1148 3574 1206 3635 fieri
1222 3574 1362 3623 mentionem
1377 3573 1408 3622 ab

249 3653 369 3717 selamin
381 3654 493 3716 Boebeia,
510 3654 654 3704 ncclrmoei
665 3662 769 3718 ternpore
779 3655 809 3704 de
857 3654 896 3715 iis,
919 3655 962 3718 qui
978 3655 1007 3705 de
1023 3657 1117 3705 linono
1136 3656 1290 3719 scripserunt.
1326 3656 1409 3705 Melta

256 3735 515 3785 Autloredubitatum.
541 3734 809 3799 Vicinnmcutemrlpc
857 3751 911 3784 cem
932 3744 988 3785 sunt
1007 3736 1047 3786 nte
1069 3738 1099 3786 ilc
1121 3737 1259 3800 Apoetosie,
1285 3737 1315 3786 de
1336 3737 1408 3786 Anti·

256 3816 330 3876 nort,
347 3823 368 3865 e
378 3815 467 3878 rapta
478 3799 613 3865 aloem
619 3815 701 3878 snm
711 3816 805 3877 sento,
858 3816 945 3865 nrm
956 3824 977 3865 e
989 3817 1038 3879 em
1053 3819 1200 3879 nuenton,
1217 3834 1270 3881 ma
1282 3818 1410 3881 cienena

257 3897 595 3961 quilounnmeaditorsuit.
626 3898 809 3948 ΝοειονιιΙΙιί4
857 3899 1265 3961 apendrrcetobsercamdebcmm.
1291 3901 1408 3949 Gnuuua.

257 3996 372 4042 mymnr
382 3979 412 4029 de
421 3981 519 4030 Ioanne
528 3981 640 4041 coniberto,
649 3981 688 4044 (in
696 3980 809 4042 Ootnlopo
906 3977 917 4010 ³
933 3986 954 4028 et
965 3981 1069 4029 omitted
1077 3981 1102 4028 in
1114 3981 1158 4029 the
1166 3983 1217 4030 AR.
1230 3981 1251 4029 is
1258 3981 1317 4030 read
1328 3981 1355 4029 in
1366 3982 1409 4030 the

257 4060 408 4122 Scriptorum
418 4060 640 4110 Ecclesiasticorum
648 4076 703 4123 cop.
716 4059 752 4126 9),
766 4061 810 4109 lico
858 4059 958 4110 Genu.
992 4060 1345 4111 'I'lrisisthelastmriclertio
1353 4077 1410 4125 sup·

256 4140 285 4190 in
292 4141 394 4190 duliam
401 4142 644 4199 revocavit;ricenim
652 4143 701 4192 uit:
713 4142 808 4202 Quarto
856 4141 921 4206 plied
939 4142 972 4206 by
988 4143 1039 4190 this
1055 4142 1129 4191 latter
1145 4142 1213 4201 Ms,
1232 4143 1313 4191 which
1330 4142 1409 4191 here*

257 4223 351 4272 decimo
362 4224 435 4272 'anno
457 4224 591 4274 secundam
607 4230 665 4289 post
681 4225 808 4274 Neronem
856 4240 938 4272 comcs
949 4230 976 4273 to
987 4241 1020 4272 an
1031 4225 1123 4288 abrupt
1133 4224 1283 4273 conclusion.

257 4306 454 4369 persecutionem
476 4313 592 4356 movente
614 4307 768 4367 Domitiano,
781 4306 808 4355 in
905 4305 1050 4356 ⁴nonrlum.
1085 4307 1118 4357 G.
1136 4308 1165 4356 T.
1185 4309 1258 4356 οὕτω.
1300 4307 1408 4356 Aannn.

257 4385 366 4436 Patmon
380 4389 488 4437 insulam
498 4388 622 4452 relegatus
633 4388 731 4452 scripsit
741 4388 809 4452 Apo·
856 4388 952 4437 mandi.

257 4469 376 4533 eclypsin,
396 4487 472 4533 quam
491 4471 670 4535 interpretatur
690 4469 808 4519 tustinus
906 4470 985 4519 'An
1001 4469 1047 4519 liic.

258 4550 297 4600 M.
311 4557 336 4600 et
351 4551 469 4600 Irenaeue.
504 4552 542 4600 De
557 4551 603 4601 linc
613 4551 723 4614 forsitan
736 4552 807 4601 inter-
905 4550 916 4581 ⁰
933 4552 984 4599 An.
999 4551 1060 4599 adds
1071 4550 1139 4600 sicat.
