3000 4994
212 323 279 390 362
508 336 669 392 oausam
696 336 950 390 aeconomum
976 335 1076 388 osus

75 511 129 552 us.
139 510 167 552 v.
212 487 415 574 principalem
431 488 538 554 Patris
552 487 789 574 plasmationem
807 486 840 551 in
860 507 895 552 ss
914 485 1132 572 recapitulans,
1147 484 1315 572 exquirens
1334 482 1367 547 id

56 559 186 691 (ἐξὲξ
213 591 296 676 quod
308 592 452 677 perierat.
480 592 525 658 Et
536 602 663 679 propter
673 593 733 657 boc
744 591 918 677 Apostolus
929 591 1028 656 in¹ea
1037 590 1169 677 epistola
1180 610 1250 676 quae
1262 596 1312 653 est
1325 588 1367 652 ad

87 697 131 736 ¹¹¹·
139 698 158 736 ¹·
213 692 422 773 Oolossenses,
438 695 497 760 ait:
520 696 568 760 m
587 718 638 761 οοο
655 717 723 760 oum
743 696 841 760 essetis
854 694 1022 782 aliquando
1035 693 1176 770 alienati,
1199 690 1367 756 diatonici

46 768 198 910 {usu—
211 799 404 884 raptarent·
418 799 482 883 ojus
495 800 529 864 n
544 798 683 886 oporam
696 799 795 878 mans,
811 820 893 863 aaa
906 807 1009 863 auem
1022 796 1230 862 ramesiae
1249 796 1284 858 n
1301 816 1367 857 ar-

202 921 283 986 pore
302 901 407 966 corais
420 901 493 986 ey'ss,
507 924 570 988 per
583 910 706 966 mortem
725 901 815 985 ⁴ejua,
836 899 974 965 celtibera
992 922 1042 964 οοο
1057 909 1172 963 sanctos
1190 907 1219 963 et
1232 907 1325 962 metm
1339 906 1369 961 et

209 1004 276 1067 sins
288 1004 416 1068 crimino
429 1005 463 1068 io
478 1014 631 1090 corzapectu
646 1004 720 1089 ejua
762 1004 806 1068 Ιο
820 1025 952 1090 corporo,
969 1004 1025 1081 ait,
1040 1002 1249 1068 ⁸recoaciliati
1263 1002 1368 1065 carnes

211 1104 285 1188 ejus,
300 1104 376 1171 ⁶hoc
391 1115 450 1185 est,
465 1107 612 1192 quoniam
627 1107 716 1193 justa
730 1127 803 1171 caro
816 1105 1027 1170 reconciliavit
1050 1127 1121 1170 eam
1135 1125 1270 1181 carnem,
1295 1124 1366 1189 quse

210 1209 243 1273 in
258 1218 386 1294 peccato
401 1210 607 1288 detinebatur,
623 1217 656 1275 et
671 1209 703 1274 in
717 1210 886 1276 amicitiam
901 1209 1033 1274 adduxit
1048 1209 1129 1274 Deo.

275 1316 306 1380 3.
348 1313 382 1379 Si
398 1314 468 1401 quis
482 1314 579 1402 igitur
594 1313 762 1379 secundum
777 1314 836 1377 hoc
850 1313 981 1377 alteram
1000 1311 1076 1378 dicit
1091 1311 1219 1377 Domini
1240 1333 1366 1377 carnem

210 1417 249 1480 la
269 1424 377 1481 nostra
398 1437 501 1494 carne,
528 1416 675 1502 quoniam
701 1414 771 1479 ⁷illa
792 1414 917 1499 quidem
938 1435 1000 1478 non
1022 1414 1172 1501 peccavit,
1198 1436 1297 1499 neque
1319 1414 1366 1478 in-

211 1528 320 1584 ventus
334 1527 383 1583 est
397 1519 486 1585 dolus
507 1519 540 1584 in
554 1519 659 1585 anima
673 1519 751 1605 ejus,
775 1539 833 1583 nos
847 1526 952 1583 autem
967 1527 1157 1603 peccatores,
1179 1526 1263 1582 recte
1278 1517 1365 1583 dicit.

212 1622 247 1687 Si
266 1631 372 1688 autem
394 1624 524 1689 alteram
544 1623 751 1689 substantiam
768 1622 871 1688 carnis
894 1622 1048 1686 ⁸Domino
1068 1622 1200 1709 affingit,
1220 1622 1288 1706 jam
1302 1643 1366 1686 non

210 1726 367 1791 constabit
381 1726 424 1790 illi
438 1725 695 1792 reconciliationis
709 1747 821 1791 senno.
853 1724 1083 1791 Reconciliatur
1095 1725 1178 1789 enim
1194 1724 1268 1789 illud
1282 1725 1366 1811 quod

210 1827 287 1892 ⁰init
301 1828 466 1915 aliquando
486 1828 520 1892 in
534 1827 706 1893 inimicitia.
752 1827 786 1892 Si
806 1835 913 1892 autem
931 1849 972 1892 ex
992 1828 1091 1892 altera
1107 1828 1284 1892 substantia
1298 1850 1365 1893 car·

211 1953 284 1997 nem
303 1931 409 1997 attulit
424 1932 589 2010 Dominus,
605 1932 672 2017 jam
691 1953 755 1996 uon
769 1931 844 1996 illud
858 1930 1092 1997 reconciliatum
1109 1939 1158 1996 est
1181 1930 1261 2010 Deo,
1282 1932 1365 2018 quod

210 2055 267 2119 per
291 2033 568 2122 transgressionem
590 2035 708 2099 sactum
728 2033 830 2098 fuerat
853 2033 1024 2098 inimicum.
1069 2034 1162 2099 Nunc
1183 2041 1289 2098 autem
1310 2056 1365 2120 per

211 2157 281 2200 eam
310 2159 379 2224 qum
408 2148 458 2202 est
485 2136 526 2201 ad
555 2159 590 2202 se
618 2137 941 2216 communicationem,
974 2137 1181 2203 reconciliavit
1210 2139 1365 2203 Dominus

211 2237 369 2304 hominem
389 2238 459 2304 Deo
475 2239 575 2314 Patri,
596 2239 799 2305 reconcilians
819 2261 877 2305 nos
895 2239 956 2304 sibi
975 2262 1157 2325 percorpus
1171 2241 1274 2307 carnis
1288 2263 1364 2320 suae,

211 2349 245 2407 et
257 2342 408 2430 sauguine
422 2364 480 2407 suo
494 2343 649 2409 redimens
663 2364 731 2422 uos,
755 2342 1015 2427 quemadmodum
1030 2343 1203 2429 Apostolus
1218 2343 1366 2430 Ephesiis

48 2469 92 2508 cor.
101 2468 115 2508 ι
123 2469 143 2515 7.
211 2443 273 2510 ait:
297 2445 342 2510 Ιο
355 2468 412 2532 qao
422 2443 583 2510 latuimus
595 2446 805 2510 redemtionem
813 2466 875 2531 per
888 2445 1065 2530 sanquinem
1076 2444 1148 2528 ey'us,
1164 2446 1366 2511 remissionem

47 2571 161 2611 cotun
204 2556 409 2633 peecatorum.
454 2547 499 2612 Et
517 2569 623 2613 rursus
636 2548 772 2614 eisdem:
804 2547 870 2624 Vos,
891 2547 1002 2634 inquit,
1023 2549 1077 2634 qui
1091 2548 1258 2635 atiqzrosdo
1273 2552 1366 2615 eratis

47 2686 162 2727 mm
211 2650 305 2738 lotape,
318 2653 404 2737 sacti
428 2653 496 2718 estis
511 2652 615 2737 jacto,
639 2653 675 2717 ln
693 2653 840 2738 secpsius
860 2652 985 2717 otrico.
1030 2651 1076 2717 Et
1095 2651 1226 2716 itemm:
1249 2653 1366 2717 Inimi-

212 2754 302 2820 citias
319 2757 354 2820 ia
372 2777 467 2821 corno
479 2778 545 2834 οοο,
567 2755 658 2842 lepem
669 2766 895 2842 praeceptorum
908 2755 1036 2820 cocras
1058 2777 1217 2822 οοοοοοοο.
1261 2756 1306 2821 Et
1332 2757 1366 2821 in

211 2857 295 2921 omni
325 2864 432 2923 autem
457 2857 589 2945 epistola
610 2858 773 2923 manifeste
794 2857 981 2923 testificatur
1002 2857 1186 2942 Apostolus,
1217 2859 1365 2946 quoniam

210 2980 266 3046 per
280 2981 404 3025 carnem
419 2960 546 3026 Domini
561 2960 659 3025 nostri
674 2968 708 3025 et
721 2960 906 3047 sanguinem
920 2959 988 3045 ejus
1002 2981 1060 3025 nos
1074 2960 1185 3026 salvati
1199 2983 1318 3027 sumus.
1379 2981 1460 3020 usn.

278 3067 307 3128 4.
347 3061 380 3127 Si
403 3062 499 3150 igitur
518 3086 591 3129 caro
611 3072 644 3129 et
663 3063 792 3151 sanguis
809 3070 892 3141 aunt,
916 3084 986 3149 quae
1008 3063 1127 3129 faciunt
1148 3064 1238 3130 nobis
1256 3066 1363 3144 vitam,

210 3186 273 3230 non
288 3164 409 3250 proprie
431 3166 470 3231 de
489 3188 582 3232 carne
596 3167 716 3232 dictum
731 3174 780 3232 est
794 3174 827 3231 et
841 3165 1003 3252 sanguine,
1025 3188 1087 3231 non
1107 3189 1199 3254 posse
1214 3189 1252 3234 ea
1266 3168 1365 3253 possi-

210 3267 283 3334 dere
304 3291 435 3355 regnum
457 3269 539 3345 Dei;
570 3270 626 3337 sed
649 3270 688 3336 de
711 3268 869 3355 praedietis
891 3269 1067 3335 carnalibus
1089 3270 1223 3350 actibus,
1247 3272 1300 3357 qui
1323 3272 1364 3337 ad

210 3380 372 3459 peccatum
388 3376 659 3439 ¹⁰trausvertentes
673 3373 842 3452 hominem,
859 3373 1011 3460 ¹⁰privant
1025 3395 1096 3439 eum
1105 3373 1180 3439 vita.
1215 3374 1260 3440 Et
1273 3397 1364 3462 prop-

260 3559 322 3621 1οο,
340 3560 391 3609 Am
425 3574 478 3622 quer
493 3568 533 3621 est,
548 3562 599 3610 Aa.
618 3561 668 3610 and
679 3560 760 3610 Voss.
862 3559 1366 3627 ⁷Utesacuatamnonpossnmusdioere

210 3643 264 3692 The
289 3658 393 3705 passage
415 3643 487 3691 reads
512 3643 639 3708 naturally
666 3644 691 3691 in
719 3644 762 3693 tbe
813 3658 912 3692 carnem
924 3643 1024 3704 Christi,
1038 3645 1074 3692 ita
1084 3661 1130 3693 nso
1137 3648 1306 3709 peccatricem,
1320 3665 1365 3696 nec

211 3725 301 3784 Greek,
310 3725 335 3772 ἐν
342 3726 375 3786 τῇ
386 3725 418 3773 alr
426 3741 448 3773 τ.
458 3725 502 3783 Κ.;
516 3726 622 3790 perhaps
633 3725 759 3785 rendered,
813 3729 967 3783 evacuatam,
981 3726 1007 3772 in
1019 3741 1069 3788 qua
1079 3725 1151 3775 dolus
1161 3742 1211 3775 non
1224 3728 1280 3778 luit.
1314 3728 1364 3778 De·

210 3807 238 3854 in
250 3805 356 3868 Epistola
366 3806 401 3854 ad
413 3806 462 3856 001.
812 3805 937 3855 sendimus
943 3811 1027 3855 autern
1036 3824 1093 3868 non,
1104 3825 1201 3857 carnem
1207 3811 1301 3873 peccati
1310 3827 1365 3860 eva·

259 3886 337 3936 ’Aa
350 3887 506 3950 capitationem
538 3887 624 3937 Mass.
637 3890 762 3948 notssrbs
813 3892 913 3936 enatam
933 3903 985 3936 asse
1001 3888 1027 3937 in
1045 3889 1152 3949 Christo,
1177 3891 1220 3939 sed
1236 3898 1365 3954 peccatum

211 3971 312 4019 διανοίας
324 3970 406 4018 inths
418 3968 444 4019 S.
458 3969 545 4019 Galam.
559 3986 630 4035 copy.
813 3969 910 4029 carnis;
927 3985 977 4017 non
1000 3971 1174 4032 substantiam,
1198 3972 1241 4021 sed
1257 3972 1364 4037 culpam.

260 4049 271 4081 ³
287 4051 441 4099 revocatori.
466 4051 498 4102 G.
511 4052 540 4100 Τ.
553 4054 761 4114 ἀποκατήλλαξεν.
813 4050 892 4100 Tm.
905 4050 935 4098 de
948 4050 1027 4100 Coa-m
1039 4050 1097 4102 Olor.
1114 4051 1151 4103 16.

211 4132 245 4181 So
256 4132 307 4180 also
318 4133 361 4181 the
374 4132 429 4196 Syr.
862 4130 874 4164 ⁸
890 4134 926 4193 τῷ
939 4134 1021 4195 Κυρίῳ
1036 4137 1170 4196 προσποιεῖ,
1185 4136 1201 4184 i.
1208 4152 1229 4184 a.
1244 4136 1365 4200 imagines

259 4213 271 4245 ⁴
286 4214 336 4276 qiua
352 4230 380 4263 as
399 4215 425 4263 in
442 4215 486 4263 the
501 4215 557 4280 Syr.
580 4182 762 4260 mdotoso
813 4230 840 4264 as
851 4216 994 4279 pertaining
1005 4216 1168 4277 totheLord,
1179 4218 1210 4267 cs.
1221 4219 1363 4281 offinpmnt,

211 4295 256 4345 Gr.
273 4296 371 4360 simply,
392 4298 502 4346 θανάτου.
813 4313 837 4361 p.
852 4294 907 4360 365.

258 4377 269 4409 ⁸
285 4377 336 4438 Ιιοο,
347 4393 366 4427 e.
377 4394 398 4442 p.
411 4379 473 4439 Aa,
485 4380 533 4429 but
544 4379 760 4439 Ct.,Vn·r.,Voss.
861 4377 873 4411 ⁰
890 4378 934 4428 Cu.
947 4378 1038 4442 adfert,
1048 4380 1080 4430 cf.
1088 4381 1132 4430 the
1139 4382 1271 4445 preceding
1281 4381 1362 4431 letter.

209 4459 272 4507 omit
282 4466 321 4508 eat.
862 4459 884 4492 ¹⁰
899 4469 1083 4524 crassamento,
1092 4465 1307 4526 μεταστρέφοντες,
1311 4479 1366 4527 per

258 4536 301 4586 ⁶s
313 4539 417 4588 omitted
429 4541 454 4589 in
466 4543 509 4590 tho
521 4543 621 4592 Cursu.
813 4551 927 4594 seuam.
963 4546 1014 4594 Aa.
1023 4547 1152 4607 paccata.
