3000 4994
500 362 779 418 uuwsnsonuu
807 364 916 419 uuus
1248 350 1290 419 71

138 536 254 583 novum
268 521 490 582 testamentum
509 516 627 582 dabant
644 517 703 597 his,
720 517 773 604 qui
790 539 868 583 nove
889 517 923 583 in
941 517 1046 584 Deum
1064 540 1120 606 per
1142 518 1292 605 Spiritum
1328 543 1432 634 npppp.

138 628 284 686 sanctum
307 619 486 686 credebant.
531 619 597 706 Ipsi
610 628 716 685 autem
731 642 771 686 ex
788 641 826 686 eo
844 620 928 706 quod
942 630 1126 707 quaererent,
1148 643 1190 687 an
1204 635 1447 721 ορατ-Ἥψ-

139 731 222 789 teret
243 721 422 788 circumcidi
451 722 554 788 adhuc
578 722 747 809 discipulos
772 745 880 803 necne,
903 724 1068 791 manifeste
1091 709 1454 814 ostenderunt-{fflss

139 847 205 893 non
219 824 365 891 hahuisse
379 846 414 890 se
428 824 556 890 alterius
571 825 633 889 Dei
648 825 954 911 contemplationem.

207 932 259 994 18.
305 928 463 994 (laeterum
484 949 547 993 non
569 927 665 994 talem
688 928 832 994 timorem
854 929 938 995 circa
953 930 1089 1015 primum
1110 930 1295 998 habuissent

142 1031 390 1109 Testamentum,
405 1040 442 1097 ut
455 1053 513 1097 nec
528 1053 600 1096 cnm
614 1031 748 1096 ethnicis
763 1032 889 1117 quidem
902 1033 1044 1098 convesci
1058 1034 1182 1101 vellent.
1211 1035 1295 1101 Nam

140 1143 175 1200 et
202 1135 327 1212 Petrus,
351 1134 492 1219 quumvis
514 1135 556 1200 ad
579 1134 817 1200 catechizandos
842 1156 897 1200 eos
923 1135 1037 1200 missus
1061 1144 1154 1217 esset,
1177 1143 1210 1204 et
1238 1138 1294 1203 tali

140 1238 260 1303 visione
282 1238 485 1303 lconterritus
502 1237 623 1317 fuisset,
647 1259 720 1303 cum
739 1237 852 1303 timore
870 1246 976 1303 tamen
994 1239 1092 1304 multo
1106 1239 1230 1306 locutus
1245 1249 1295 1306 est

71 1360 117 1400 m
141 1342 183 1407 ad
197 1363 252 1407 eos
262 1341 388 1407 dicens:
412 1343 482 1428 Ipsi
494 1342 576 1407 scitis
589 1342 731 1429 quorsom
745 1363 804 1407 ooo
818 1343 924 1425 celsos
937 1341 1004 1405 ciro
1018 1341 1131 1407 Jadoeo
1145 1344 1294 1430 coajoopc‘,
1307 1360 1354 1399 Aet
1364 1359 1458 1406 saro

141 1454 200 1510 aut
217 1445 374 1510 convenire
391 1467 461 1510 oum
477 1443 646 1530 allophylo:
674 1444 749 1508 milvi
766 1453 868 1508 cotom
885 1446 970 1510 Deus
990 1446 1124 1524 ostmtdr't,
1147 1448 1296 1513 oemioom

141 1569 325 1614 communen
335 1555 392 1613 out
404 1547 592 1613 immundam
606 1547 706 1611 dicere
719 1546 882 1612 loraiaem:
905 1557 1088 1633 quopropter
1101 1549 1165 1613 siae
1177 1557 1296 1614 oestro»

144 1694 213 1766 Διὰ
246 1700 312 1768 τῶν
341 1696 455 1788 λόγων
482 1696 609 1767 τούτων
644 1695 816 1779 σημαίνων,
850 1695 904 1766 ὅτι
935 1696 990 1766 οὖκ
1020 1692 1060 1766 ἄν
1090 1696 1296 1794 ἐπεπόρευτο

144 1806 231 1907 πρὸς
262 1807 386 1892 αὐτοὺς,
416 1810 445 1879 εἶ
474 1807 518 1891 μη
546 1807 752 1879 κεκέλευστο.
789 1806 891 1884 Ἴσως
925 1805 994 1907 γὰρ
1024 1805 1096 1878 οὐδὲ
1130 1805 1173 1879 τὸ
1203 1804 1297 1896 βάπ-

143 1952 253 2006 τισμα
282 1919 383 1998 οὕτως
412 1921 548 2018 εὖχερῶς
581 1917 694 1990 ἔδωκεν
726 1920 844 2004 αὐτοῖς,
881 1921 909 1990 εἶ
932 1920 977 2004 μη
1009 1926 1072 1992 τοῦ
1099 1919 1297 2004 Πνεῦματος

144 2039 208 2106 τοῦ
251 2035 351 2127 tipice
390 2033 659 2109 ε’παναπαῦοντος
702 2031 821 2116 αὐτοῖς,
867 2033 1144 2132 πραφηπεῦοντας
1182 2033 1297 2111 αὐτοὺς

144 2147 283 2230 ἆκηκόει.
330 2145 401 2216 Καὶ
432 2142 484 2215 διὰ
514 2151 619 2216 τοῦτο
643 2145 763 2237 ἔλεγε·
798 2143 910 2227 Μῆτις
949 2143 992 2216 τὸ
1030 2142 1113 2243 ὕδωρ
1152 2150 1296 2217 κωλῦσαι

146 2258 280 2331 δύναται
317 2264 380 2330 τοῦ
409 2258 454 2342 μη
482 2259 713 2345 βαπτισθῆναι
747 2258 892 2340 τούτους,
931 2258 1047 2335 οἵτινες
1085 2254 1129 2329 τὸ
1159 2256 1296 2342 Πνεῦμα

146 2371 191 2445 τὸ
219 2370 319 2464 ἅγιον
347 2371 483 2458 ἔλαβον,
511 2373 552 2447 ω’ς·
573 2369 626 2440 καὶ
646 2372 753 2453 ἧμεΐς;
785 2370 905 2440 πείθων
924 2364 992 2452 ἅμα
1013 2369 1089 2447 τοὺς·
1106 2370 1299 2469 συμπαρόν-

146 2516 217 2568 τας,
241 2484 294 2555 καὶ
324 2483 495 2567 σημαίνων,
524 2483 578 2554 ὅτι
610 2484 638 2553 εἷ
665 2482 709 2565 μὴ
733 2478 776 2554 τὸ
806 2481 942 2564 Πνεῦμα
968 2480 1011 2553 τὸ
1036 2481 1135 2572 ἅγιον
1161 2483 1211 2551 ἐπ’
1242 2484 1297 2552 αὖ·

146 2597 223 2675 τοὺς
242 2598 509 2679 ε’παναπέπαντο,
530 2593 566 2679 ἦν
585 2596 604 2666 ὁ
623 2596 775 2664 κωλύσων
793 2593 986 2670 adroderet
1003 2595 1258 2682 βαπτίσματος.

145 2756 277 2821 dictim
291 2756 379 2830 oeni;
402 2754 452 2819 his
466 2753 661 2820 sermonibus
674 2751 864 2839 significans,
880 2751 1025 2838 quonism
1043 2772 1105 2814 non
1123 2751 1241 2816 abisset
1255 2751 1296 2815 od

145 2879 212 2931 eos,
228 2858 287 2922 nisi
298 2859 406 2945 jussus
420 2857 540 2922 fuisset.
587 2856 640 2921 Sic
660 2876 750 2942 aeqne
765 2876 804 2920 ne
818 2854 974 2940 baptisma
993 2852 1119 2938 quidem
1136 2852 1227 2918 facile
1244 2853 1297 2918 de·

145 2959 255 3037 disset,
282 2960 353 3036 nisi,
370 2959 490 3045 Spiritu
511 2966 621 3023 sancto
644 2958 858 3042 requiescente
875 2977 969 3042 super
988 2977 1052 3034 eoo,
1075 2956 1297 3042 prophetantes

146 3084 202 3128 eos
226 3062 374 3128 audisset.
412 3062 457 3127 Et
483 3069 608 3149 propter
633 3061 693 3125 hoc
718 3060 816 3125 dixit:
840 3060 940 3123 ‘Nom
968 3060 1036 3145 quis
1061 3081 1174 3146 aquom
1195 3069 1298 3124 ootarc
1311 3075 1427 3120 letter·

138 3173 239 3250 potest
266 3164 312 3228 od
339 3163 555 3250 baptizandum
586 3163 645 3240 hos,
682 3163 737 3249 qai
764 3162 919 3247 Spiritum
946 3170 1082 3226 omrem
1109 3171 1298 3248 occeperunt,

146 3269 396 3355 qomaodmodom
418 3277 446 3332 ot
470 3267 545 3331 ooo?
590 3266 733 3332 Suadens
752 3266 845 3331 simul
867 3265 917 3329 his
942 3265 994 3349 qui
1021 3287 1127 3330 secum
1149 3273 1249 3342 erant,
1267 3274 1300 3330 et

147 3370 337 3457 significans,
357 3369 504 3455 quoniam
523 3369 583 3434 uisi
607 3368 742 3455 Spiritus
758 3376 886 3432 sanctus
903 3389 996 3453 super
1018 3389 1073 3432 eos
1087 3367 1299 3453 requievisset,

146 3474 313 3540 exsisteret
327 3473 378 3561 qui
394 3496 448 3539 eos
463 3473 640 3559 prohiberet
653 3494 673 3536 a
686 3472 885 3558 baptismate.

63 3602 131 3642 usco.
214 3582 265 3645 19.
310 3577 357 3641 Hi
379 3585 484 3641 autem
507 3576 560 3663 qui
575 3576 671 3642 ³circa
685 3575 841 3640 Jacobum
856 3573 1001 3661 Apostoli
1016 3574 1162 3661 gentibus
1176 3575 1302 3661 quidem

146 3679 243 3746 libere
265 3701 358 3769 agere
378 3679 608 3767 permittebant,
636 3678 840 3743 concedentes
865 3699 923 3743 nos
949 3678 1079 3763 Spiritui
1106 3677 1176 3742 Dei.
1236 3677 1300 3762 Ipsi

199 3842 208 3875 ¹
226 3843 373 3893 ιωιωννίιω.
393 3843 466 3892 Since
472 3858 519 3892 one
527 3843 556 3891 os
564 3841 702 3891 Msaora's
749 3857 800 3890 aoa
810 3841 911 3891 ααὲοιιω
921 3841 1048 3900 homiuem,
1057 3841 1099 3889 sed
1109 3854 1148 3889 eoa
1159 3853 1250 3902 quoquc
1260 3837 1304 3899 qui

148 3922 226 3973 MSS.
240 3924 285 3972 has
296 3924 339 3973 the
350 3923 452 3986 reading
463 3922 585 3983 emoritur,
598 3923 648 3971 aud
658 3924 701 3972 the
750 3938 805 3972 cam
821 3921 875 3984 ipso
888 3930 951 3982 suat,
966 3922 1056 3970 denotet
1062 3939 1073 3976 ,¹
1088 3920 1128 3968 hic
1144 3934 1198 3968 cam
1213 3918 1304 3969 Iacobo

147 4004 281 4069 presentis
293 4008 338 4052 not
349 4009 376 4052 st
387 4003 419 4052 all
431 4003 512 4051 suited
522 4008 550 4052 to
561 4003 604 4051 the
615 4018 686 4051 sense
693 4019 700 4063 ;
749 4004 856 4068 reliquos
874 4003 950 4052 simul
966 4003 1090 4065 Apostolos
1107 4001 1222 4063 mellico,
1240 4016 1303 4063 μνα-

147 4085 218 4135 since
239 4084 291 4132 also
314 4083 339 4133 S.
359 4084 435 4132 Peter
451 4083 552 4132 himself
568 4083 657 4147 speaks
676 4082 705 4130 of
750 4085 832 4135 restim
845 4084 905 4148 quio
918 4084 1039 4146 aquito:
1055 4083 1109 4146 Ipsi
1121 4098 1179 4131 vero
1190 4083 1303 4142 scientes,

148 4166 225 4230 being
235 4165 393 4215 constrained
403 4166 438 4230 by
449 4166 506 4215 that
517 4165 597 4214 which
609 4166 640 4215 he
651 4181 702 4214 savv
750 4169 792 4215 rto.
821 4163 1097 4216 eoremmlrmoemaoo
1104 4162 1216 4226 loquendi
1221 4178 1306 4224 ponere

145 4250 175 4299 in
192 4249 231 4297 his
248 4253 342 4307 trance,
360 4248 425 4296 Acts
440 4249 474 4297 xi.
491 4258 537 4309 17;
559 4248 573 4295 I
590 4247 703 4296 consider
748 4246 885 4311 primatum
902 4245 965 4294 iatcr
980 4245 1105 4308 Apostolos
1119 4244 1144 4294 S.
1161 4243 1251 4294 lucello
1262 4242 1305 4292 tri·

146 4329 291 4381 constrictas
301 4334 328 4378 to
340 4329 371 4377 he
381 4329 424 4377 the
435 4334 491 4377 true
502 4328 612 4392 reading,
620 4345 649 4377 ss
660 4329 703 4377 tho
752 4329 829 4378 οιιίωο
839 4325 940 4384 videtur,
955 4333 1078 4389 ωηιηιιαιν
1089 4324 1209 4389 Episcopo
1219 4326 1250 4374 H
1249 4325 1306 4374 iero

145 4412 297 4462 translation
314 4411 343 4459 os
357 4413 519 4471 συνεχόμενος.
751 4408 901 4472 olyntum
911 4407 1026 4469 Ecdesioe,
1040 4406 1307 4473 aprrohohar'tomm's

192 4493 204 4527 ¹
215 4495 365 4555 Cu.,Voss.,
373 4495 470 4554 Mass„
477 4493 598 4556 namquid
603 4493 702 4555 uliquis.
752 4490 859 4540 Ecclesia
870 4488 978 4551 initiam,
992 4497 1012 4540 et
1023 4492 1195 4554 μητροπόλεως
1206 4492 1253 4539 τῶν
1263 4491 1307 4549 τῆς

199 4575 210 4609 ¹
228 4576 314 4626 θκααα
329 4574 428 4638 phrasis
446 4578 468 4625 ol
485 4577 541 4637 περὶ
560 4576 624 4623 δεῖνα
645 4590 705 4637 ιαμ
755 4574 834 4633 καινῆς
846 4574 959 4633 διαθήκης
971 4575 1085 4635 πολιτῶν,
1099 4571 1146 4621 ααό
1159 4584 1183 4623 o.
1210 4572 1260 4621 Gn.
