3000 4994
253 359 297 425 92
660 376 832 429 emmaus
856 377 990 430 ssucm

111 547 164 588 lus.
173 546 214 588 lll.

119 594 176 633 zelir.
189 596 205 631 l.

88 640 236 771 “htjtpl
694 638 794 705 our.
819 638 960 704 xvur.

442 800 504 875 De
522 827 561 876 eo
579 801 643 901 qui
659 800 844 877 deseendit
862 802 903 877 ia
920 801 1042 903 ipsum
1059 800 1219 901 Spiritu.

319 987 348 1049 l.
386 983 526 1047 Ersmu
550 992 718 1071 potuerunt
735 984 837 1051 dicere
858 986 1014 1072 Apostoli,
1037 986 1195 1052 Christum
1209 983 1497 1050 descendissem

252 1086 285 1151 in
299 1086 324 1151 J
325 1110 411 1153 esum
423 1113 432 1163 ;
456 1095 511 1153 aut
526 1088 612 1152 illum
626 1089 816 1176 superiorem
829 1089 1030 1168 Salvatorem,
1046 1089 1079 1153 in
1093 1112 1166 1155 eum
1181 1089 1232 1174 qui
1247 1089 1289 1152 sit
1303 1088 1405 1173 dispo·

251 1190 393 1267 sitionis;
416 1202 472 1258 aut
493 1193 579 1257 illum
594 1193 646 1279 qui
662 1200 710 1257 est
724 1194 766 1257 ab
785 1190 997 1270 invisibilibus,
1013 1192 1045 1256 in
1064 1215 1136 1257 eum
1156 1192 1207 1277 qui
1227 1200 1277 1255 est
1299 1191 1406 1254 Deuri-

253 1295 340 1381 urgi:
364 1297 419 1360 sed
441 1296 517 1360 nihil
543 1297 666 1382 quidem
693 1296 755 1361 tale
778 1317 879 1382 neque
901 1294 1049 1374 scierunt,
1070 1318 1170 1382 neque
1194 1295 1357 1369 dixerunt3
1379 1293 1406 1358 si

252 1399 335 1463 enim
355 1398 499 1478 scissent,
525 1403 573 1465 ¹et
597 1399 750 1465 dixissent
775 1398 901 1484 utique:
933 1400 1015 1485 quod
1041 1408 1147 1463 autem
1176 1407 1253 1476 erat,
1284 1399 1343 1463 hoc
1374 1405 1407 1462 et

90 1514 226 1601 {pepp-igr
253 1501 407 1581 dixerunt,
425 1503 575 1588 Spiritum
591 1502 651 1566 Dei
666 1504 747 1568 sicut
762 1502 937 1567 columbam
952 1503 1146 1568 descendisse
1161 1503 1193 1566 in
1208 1525 1298 1577 eunr;
1323 1503 1406 1567 hunc

90 1618 208 1659 blm
255 1604 414 1689 Spiritum,
439 1606 478 1669 de
500 1628 561 1690 quo
584 1607 625 1668 ab
648 1605 745 1669 Esaia
765 1604 882 1669 dictum
904 1614 963 1682 est,
985 1605 1031 1670 Et
1049 1606 1213 1691 requiescet
1234 1626 1406 1690 supereum

90 1728 188 1769 num.
200 1729 217 1766 1.
254 1708 393 1794 Spiritus
420 1708 494 1787 Dei,
524 1708 606 1773 sicut
634 1708 845 1794 praediximus.
896 1708 941 1772 Et
966 1708 1097 1774 iterum:
1122 1709 1259 1794 Spiritus
1279 1709 1407 1772 Domini

253 1831 346 1894 super
373 1833 428 1888 rue,
453 1819 581 1896 propter
608 1810 690 1895 quod
712 1811 804 1874 ararit
832 1832 889 1876 me.
928 1810 994 1875 Iste
1021 1809 1165 1896 Spiritus,
1196 1810 1235 1874 de
1267 1831 1328 1896 quo
1361 1811 1407 1874 ait

91 1930 221 1970 usum
256 1910 426 1975 Dominus:
447 1912 521 1976 Nou
544 1912 624 1976 euim
641 1934 691 1976 cos
710 1913 781 1977 estis
798 1913 853 1998 qui
873 1913 1043 1999 loquimini,
1063 1911 1118 1976 sed
1138 1913 1275 1998 Spiritus
1294 1913 1407 1977 Patris

254 2014 348 2077 nestri
361 2015 415 2098 qui
430 2014 565 2100 loquitur
579 2016 613 2079 iu
626 2014 716 2080 nolis
761 2015 806 2080 Et
820 2015 931 2080 itemm
944 2023 1132 2101 potestatem
1146 2015 1406 2101 ²regenerationis

91 2128 234 2217 ffi}“¹¹'l¹·
254 2117 287 2182 in
311 2118 415 2182 Deum
429 2120 530 2183 ³dsns
551 2119 719 2205 discipulis,
740 2119 865 2184 dicebat
884 2121 949 2184 eis:
969 2119 1086 2183 Eurrtes
1108 2120 1205 2183 docete
1226 2141 1324 2183 curreres
1334 2142 1406 2204 peu·

254 2229 306 2298 tes,
331 2219 513 2306 lapidantes
534 2243 580 2286 eos
603 2222 637 2286 ir
658 2222 777 2286 nomiae
791 2223 912 2301 Putris,
938 2232 966 2287 et
979 2222 1073 2301 Filii,
1094 2232 1123 2286 et
1140 2223 1278 2307 Spiritus
1298 2224 1406 2287 suncti.

255 2323 351 2389 Hamc
361 2324 444 2388 euim
459 2325 600 2412 promisit
613 2325 849 2411 per'prophetas
858 2327 1016 2391 effundere
1030 2327 1062 2389 in
1078 2325 1252 2391 novissimis
1263 2327 1406 2412 tempori.

87 2432 135 2475 Μ
144 2433 203 2473 Μ
252 2426 311 2490 bus
325 2448 419 2513 super
429 2448 534 2492 servos
544 2436 576 2491 et
591 2427 729 2505 ancillas,
745 2436 781 2491 ut
794 2429 1000 2514 prophetent:
1020 2429 1101 2493 unde
1116 2429 1191 2493 etin
1205 2429 1322 2492 Filium
1334 2429 1405 2503 Dei,

253 2527 369 2594 Filium
380 2528 527 2594 Hominis
537 2531 664 2608 lactum,
674 2529 844 2608 descendit,
854 2552 926 2594 cum
937 2531 1005 2616 ipso
1015 2535 1212 2595 ⁴assuescens
1221 2530 1362 2595 habitare
1374 2531 1406 2595 in

251 2654 365 2719 genere
378 2633 524 2711 hunuano,
541 2641 573 2698 et
588 2632 780 2718 requiescere
801 2633 834 2696 in
852 2632 1041 2710 hominibus,
1062 2641 1094 2697 et
1114 2633 1255 2698 habitare
1272 2634 1305 2697 in
1324 2635 1406 2719 plas-

252 2743 336 2799 mate
359 2735 430 2813 Dei,
453 2735 644 2800 voluntatem
668 2735 774 2800 Patris
795 2756 926 2829 operans
949 2735 982 2798 in
1004 2734 1089 2821 ipsis,
1116 2744 1149 2800 et
1175 2757 1327 2801 renovans
1353 2759 1408 2803 eos

252 2863 273 2906 a
292 2850 448 2907 vetustate
468 2843 500 2907 in
520 2843 690 2907 novitatem
716 2842 844 2908 christi.
892 2842 989 2907 Hunc
1007 2843 1158 2928 Spiritum
1181 2843 1289 2928 ⁵petiit
1304 2844 1407 2908 David

254 2944 391 3008 humano
402 2945 519 3032 generi,
534 2945 659 3010 dicens:
685 2945 729 3009 lit
739 2946 865 3032 Spiritu
869 2946 1049 3031 principati
1062 2948 1206 3028 confirmo
1218 2967 1275 3011 me.
1306 2947 1408 3028 Quem

255 3055 288 3111 et
309 3047 506 3111 descendisse
523 3047 626 3112 Lucas
646 3048 692 3112 ait
707 3056 779 3134 post
792 3070 957 3113 ascensum
972 3048 1098 3113 Domini
1123 3070 1217 3135 super
1241 3049 1408 3133 discipulos

255 3150 288 3213 in
304 3149 502 3227 Pentecoste,
512 3149 679 3214 habentem
694 3157 883 3235 potestatem
894 3149 1032 3214 omnium
1043 3149 1185 3236 gentium
1193 3152 1233 3214 ad
1246 3150 1408 3216 introitum

255 3252 337 3329 vitre,
354 3260 387 3316 et
402 3250 458 3316 ‘ad
472 3252 664 3338 apertionem
678 3251 748 3316 novi
762 3251 974 3318 Testamenti:
993 3252 1075 3317 unde
1089 3260 1121 3317 et
1136 3253 1279 3318 omnibus
1293 3253 1408 3340 linguis

255 3355 467 3441 conspirantes
481 3355 630 3440 hymnum
645 3355 789 3420 dicebant
806 3355 886 3433 Deo,
898 3356 1017 3440 Spiritu
1031 3356 1071 3420 ad
1085 3356 1237 3420 unitatem
1248 3356 1408 3442 redigente

255 3459 408 3524 distantes
427 3459 537 3535 tribus,
564 3467 597 3523 et
623 3459 776 3545 primitias
799 3460 939 3523 omnium
964 3460 1105 3547 gentium
1132 3460 1279 3525 offerente
1308 3459 1408 3526 Patri.
1420 3493 1445 3531 ρ,
1454 3494 1495 3532 su.

257 3562 351 3627 Unde
366 3571 399 3628 et
414 3563 570 3627 Dominus
592 3561 749 3647 pollicitus
769 3570 820 3627 est
841 3563 966 3628 mittere
987 3585 1022 3628 se
1045 3564 1252 3642 Paracletum,
1276 3564 1328 3649 qni
1350 3586 1409 3629 nos

253 3673 377 3752 aptaret
400 3666 481 3732 Deo.
526 3666 616 3730 Sicut
641 3665 724 3730 enim
748 3666 787 3731 de
810 3665 898 3732 arido
923 3667 1027 3732 tritico
1052 3690 1157 3733 massa
1174 3691 1236 3732 uns
1257 3668 1323 3733 fieri
1344 3690 1409 3732 non

253 3777 358 3856 potest
376 3769 443 3834 sine
462 3770 603 3849 humore,
625 3791 725 3854 neque
745 3792 827 3835 unus
846 3771 953 3856 panis:
978 3771 1024 3836 ita
1042 3794 1099 3838 nec
1122 3794 1179 3837 nos
1200 3772 1289 3836 multi
1311 3794 1408 3836 unum

253 3991 303 4041 and
313 3991 392 4041 Voss.
406 3992 482 4041 MSS.
521 3993 618 4042 Earlier
633 3993 738 4042 editions
757 3993 807 4041 and
856 3994 1143 4059 CompareVol.1.181,
1158 4012 1222 4056 n.1;
1243 3998 1296 4056 182,
1311 4011 1368 4045 n.1.

255 4075 519 4135 Gasnnhave,Deus.
905 4074 1028 4125 ³Esrlier
1046 4077 1110 4127 Edd.
1131 4078 1289 4138 Ducendum,
1315 4078 1409 4142 hythe

304 4156 313 4188 ¹
330 4164 351 4204 et
366 4158 386 4205 is
401 4159 516 4221 properly
528 4157 640 4222 replaced
655 4158 681 4205 in
696 4158 739 4206 the
753 4161 808 4205 text
856 4156 1050 4221 amalgamstion
1067 4159 1096 4207 of
1109 4158 1195 4208 Deum.

254 4239 288 4301 by
300 4239 397 4297 Mass,
411 4239 450 4288 sor
464 4241 486 4288 it
501 4241 522 4288 is
537 4240 615 4289 found
630 4241 656 4288 in
672 4240 715 4288 tho
726 4239 806 4288 Voss.
906 4237 917 4269 ⁴
934 4241 1070 4298 εἰθισμένος.

255 4319 322 4379 MS„
336 4320 408 4368 while
424 4321 467 4369 tho
482 4322 582 4370 Carnu.
595 4322 640 4369 has
653 4327 674 4369 et
685 4320 806 4370 dmm.
905 4319 916 4351 ⁸
934 4321 1043 4382 Cossu,
1058 4323 1118 4381 Aa,
1133 4323 1178 4371 hut
1189 4323 1270 4371 Voss.
1280 4322 1347 4386 petit.

255 4403 295 4451 rol
307 4403 373 4449 εἶπον
385 4401 421 4461 tir,
434 4401 516 4450 would
528 4403 558 4450 be
569 4402 612 4451 the
623 4402 714 4452 Greek.
906 4399 917 4431 ⁶
933 4401 968 4449 ud
978 4402 1338 4467 apmionerass...couapirautcs.
1357 4404 1410 4452 'l'he

304 4479 315 4511 2
330 4482 383 4529 The
392 4488 530 4530 sacrament
538 4483 567 4530 ol
576 4483 689 4546 Baptism
700 4482 721 4531 is
730 4482 808 4530 there·
858 4481 958 4531 Omnis.
972 4483 1021 4531 aad
1032 4483 1112 4532 Voss.
1126 4485 1249 4550 readings.
1278 4487 1329 4535 Aa.
1342 4502 1410 4549 opor·

255 4564 307 4613 fore
321 4562 336 4623 ἡ
348 4564 443 4622 δύναμις
454 4565 496 4623 τῆς
507 4565 685 4625 desperarem
697 4566 728 4615 εἰς
739 4565 806 4614 θεόν.
856 4564 1160 4627 tionem...conspiraater.
