3000 4994
254 321 295 387 18
674 336 752 392 uou
778 337 985 390 ssnxsxuu

88 510 240 551 nauus-³.
310 494 343 559 3.
368 491 514 558 Marcion
524 499 631 559 autern
640 491 862 558 illisuccedens
871 491 1001 556 invaluit
1009 493 1068 557 sub
1078 492 1410 572 Aniceto‚¹decimum

95 557 228 690 ffiffill
253 594 357 660 locum
367 595 565 682 episcopatus
579 593 767 661 continente.
803 594 927 682 Reliqui
940 617 1011 661 vero
1026 594 1079 683 qui
1092 605 1242 661 vocantur
1255 595 1410 673 Gnostici,

88 725 238 736 --
253 720 274 762 a
287 698 482 764 ²Menandro
499 698 634 764 Simonis
653 696 813 783 discipulo,
834 699 1094 785 quemadmodum
1111 699 1313 777 ostendimus,
1329 699 1410 765 acci-

252 803 374 889 pientes
387 803 485 881 initis,
497 802 707 888 unusquisque
722 823 840 880 eorum,
855 802 945 886 cujus
958 802 1160 888 participatus
1172 812 1221 868 est
1235 803 1410 881 sententiae,

252 908 321 993 ejus
335 917 368 972 et
387 915 485 993 pater,
501 914 535 971 et
553 907 685 971 antistes
698 905 851 992 apparuit.
887 907 1027 971 ⁸0mnes
1045 915 1152 972 autem
1171 906 1204 970 bi
1221 906 1319 971 multo
1339 928 1410 991 pos·

252 1011 360 1090 terius,
386 1011 594 1075 mediantibus
616 1011 683 1096 jam
710 1009 861 1075 Ecclesiae
889 1011 1091 1097 temporibus,
1121 1011 1355 1076 insurrexerunt
1376 1010 1410 1076 in

253 1137 343 1181 suam
356 1117 555 1204 apostasiam.

747 1393 848 1460 ΟΑΡ.
872 1393 916 1461 V.

256 1562 418 1640 Ostoasio
444 1562 541 1662 quod
567 1576 599 1637 ct
624 1561 809 1638 Dominus
841 1576 873 1638 ct
900 1562 1068 1664 Apostoli
1093 1563 1134 1637 in
1159 1563 1311 1640 veritate
1333 1563 1410 1640 cdi-

329 1680 451 1757 derint
494 1679 712 1771 doctrinata,
754 1693 786 1754 ct
825 1706 898 1755 noa
937 1680 1135 1757 modom
1177 1680 1410 1757 audientium

329 1797 548 1899 opinionem.

255 1986 285 2048 l.
324 1980 542 2046 Tnxmmous
563 1982 659 2069 igitur
681 2004 751 2068 quae
773 1990 823 2047 est
843 1983 884 2048 ab
906 1981 1078 2067 Apostolis,
1101 1982 1147 2048 sic
1168 2004 1203 2048 se
1224 1981 1360 2049 habente
1377 1983 1410 2049 in

253 2084 406 2164 Ecclesia,
422 2094 456 2151 et
469 2093 670 2171 permanente
683 2086 766 2172 apud
781 2107 848 2164 nos,
866 2094 1057 2151 revertamur
1069 2086 1110 2151 ad
1125 2108 1205 2163 eam,
1220 2108 1291 2172 quae
1305 2096 1355 2153 est
1368 2109 1409 2152 ex

253 2186 422 2272 Scripturis
443 2186 651 2252 ostensionem
672 2209 778 2253 eorum
801 2189 908 2274 quiet
932 2187 1137 2274 Evangelium
1159 2188 1409 2275 conscripserunt

252 2289 486 2374 Apostolorum,
501 2311 541 2354 ex
557 2291 669 2374 quibus
683 2291 932 2376 conscripsemnt
946 2290 985 2356 de
1005 2291 1075 2356 Deo
1090 2291 1288 2368 sententiam,
1304 2298 1409 2357 osten·

252 2391 362 2457 dentes
383 2393 530 2480 quoniam
557 2393 711 2458 Dominus
737 2403 844 2458 noster
865 2393 962 2458 Jesus
985 2393 1128 2459 Christus
1153 2395 1268 2460 veritas
1292 2404 1353 2474 est,
1375 2402 1409 2461 et

251 2495 447 2560 mendacium
461 2495 494 2559 in
507 2516 546 2560 eo
560 2517 623 2560 non
637 2506 693 2561 est
743 2496 1011 2579 Quemadmodum
1025 2507 1059 2562 et
1073 2497 1176 2562 David
1190 2521 1259 2564 earn
1275 2521 1346 2586 quae
1360 2506 1410 2565 est

251 2615 292 2659 ex
309 2596 440 2684 Virgine
461 2599 693 2684 generationem
712 2600 789 2684 ejus,
808 2610 840 2664 et
859 2620 929 2664 earn
948 2621 1018 2685 quae
1032 2608 1082 2665 est
1101 2623 1140 2664 ex
1157 2601 1289 2666 mortuis
1307 2622 1409 2666 resur·
1420 2620 1468 2661 as

250 2699 419 2766 rectionem
434 2702 623 2788 prophetans
637 2702 698 2767 ait:
730 2702 852 2768 Veritas
871 2703 1009 2767 aeterra
1023 2712 1091 2768 orto
1105 2712 1156 2768 est.
1202 2703 1247 2769 Et
1261 2703 1410 2792 Apostoli

250 2812 356 2867 autem
371 2802 513 2889 discipuli
529 2803 669 2869 veritatis
681 2805 879 2883 exsistentes,
895 2815 985 2869 extra
999 2825 1090 2869 omne
1106 2804 1301 2870 mendacium
1315 2816 1406 2874 sunt:

251 2926 313 2969 non
328 2905 412 2969 enim
426 2906 636 2971 communicat
651 2907 846 2973 mendacium
860 2906 993 2986 veritati,
1006 2907 1088 2972 sicut
1102 2929 1165 2972 non
1176 2909 1409 2975 communicant

250 3009 387 3073 tenebrae
410 3007 491 3084 luci3
519 3008 575 3073 sed
597 3011 764 3096 praesentia
782 3010 909 3076 alterius
931 3010 1069 3076 excludit
1091 3011 1234 3079 altemm.
1280 3012 1408 3080 Veritas

252 3132 327 3197 ergo
343 3108 497 3174 Dominus
511 3120 618 3176 noster
632 3112 797 3191 exsistens,
811 3134 875 3176 non
890 3112 1115 3178 mentiebatur:
1132 3122 1165 3179 et
1183 3136 1275 3200 quem
1289 3116 1408 3181 sciebat

250 3347 392 3411 pestiferam
403 3346 471 3396 cirus
480 3346 570 3397 moris
579 3348 620 3397 sui
633 3348 721 3398 occulta
736 3364 804 3411 opor·
854 3349 988 3398 translator
1003 3351 1063 3399 read
1079 3351 1156 3410 there,
1177 3352 1201 3399 Η
1219 3351 1258 3399 t'or
1275 3352 1304 3400 θ.

250 3437 320 3493 perd,
333 3429 431 3493 penitas
443 3445 468 3479 u
483 3431 514 3480 ab
525 3430 630 3480 scema
640 3430 745 3480 omont.
769 3429 804 3480 Id
903 3425 915 3458 ⁸
932 3427 1018 3476 Simon
1039 3428 1141 3477 himself
1159 3429 1181 3476 is
1197 3429 1323 3493 generally
1341 3444 1409 3478 men·

253 3513 319 3564 enim
340 3521 426 3562 sonam
448 3514 539 3563 Irenoei
559 3515 646 3571 verbm
661 3529 714 3577 qaue
736 3513 805 3575 Rofi-
854 3509 1329 3560 tionednsthalatherofGnosticism.
1347 3511 1407 3561 Vol.

252 3609 300 3643 caer
318 3601 338 3644 ct
359 3594 587 3658 Olnaopbcrsonur
604 3609 734 3658 perperam
755 3609 806 3643 mco
855 3603 872 3640 1.
883 3607 925 3655 pp.
935 3605 1053 3656 195,219‚
1066 3608 1092 3641 n.
1107 3606 1129 3653 3,
1140 3607 1194 3652 aar,
1210 3606 1266 3656 ²49·
1300 3592 1408 3642 Menan·

247 3675 344 3739 jndicio
365 3676 517 3740 interpretati
538 3684 602 3726 mat.
637 3676 720 3739 Neque
741 3675 806 3724 enim
854 3672 899 3722 der
910 3674 1058 3737 symbolised
1067 3675 1127 3723 with
1140 3674 1297 3733 Saturninus,
1309 3674 1358 3723 and
1370 3676 1408 3723 in·

255 3759 386 3810 Dandonem
395 3775 424 3808 a
434 3758 540 3809 Ecclesia
553 3759 649 3822 ςίωιιιιη
655 3759 736 3821 fuisso
746 3757 806 3807 dicit
854 3755 974 3804 troduoed
980 3772 1056 3821 many
1062 3757 1162 3804 notione
1168 3755 1232 3804 from
1240 3756 1282 3804 tha
1289 3756 1407 3806 eabbuls.

252 3841 378 3898 Ircnoerur
392 3840 435 3890 scd
445 3840 529 3903 ipsum
538 3855 563 3889 u
579 3841 609 3890 ab
621 3841 727 3891 sama
734 3839 804 3903 peni·
903 3837 914 3869 ³
931 3838 991 3886 This
1002 3838 1051 3886 last
1061 3843 1176 3887 sentence
1187 3837 1208 3885 is
1219 3837 1325 3885 omitted
1331 3838 1358 3885 in
1366 3838 1410 3887 tbo

252 3931 290 3974 tm
299 3939 436 3987 xpreyneoe.
459 3924 663 3987 anmappara,
676 3922 806 3972 Dandonem
855 3919 1000 3968 (iussimus
1013 3921 1063 3968 and
1075 3920 1153 3968 Voss
1167 3918 1244 3968 MSS.
1278 3918 1410 3968 Missum·

252 4006 396 4070 meipsius
410 4006 508 4069 tradicio
529 4006 719 4064 condemnatum,
740 4020 804 4067 pro-
854 4006 966 4065 suspects
976 4001 1034 4050 that
1044 4001 1255 4064 itisamarginal
1266 4006 1333 4050 nota.
1355 4000 1410 4050 'l'bs

251 4088 455 4138 smirscBoolesioe
461 4086 804 4138 meatumNrnsntnna.
854 4083 1010 4146 supposition
1029 4083 1165 4146 isperhaps
1182 4082 1361 4146 strengtbensd
1375 4083 1410 4147 by

252 4173 288 4221 od
299 4174 355 4222 sas.
391 4172 459 4221 Here
470 4172 589 4221 obstemus
598 4177 632 4219 cst
647 4186 725 4219 seems
736 4174 763 4218 to
775 4170 806 4217 be
854 4164 898 4213 the
915 4165 1032 4213 omission
1050 4165 1079 4212 ot
1092 4172 1172 4213 autem
1188 4165 1214 4213 in
1227 4165 1271 4213 the
1283 4165 1335 4214 Aa.
1348 4164 1407 4213 MS.

252 4252 394 4316 equivalcnt
410 4258 438 4301 to
455 4252 621 4309 abatiamtm
636 4252 684 4300 but
694 4267 734 4300 see
744 4249 803 4300 Vol.
855 4246 907 4294 But
928 4245 964 4306 lti,
990 4263 1017 4295 as
1039 4247 1053 4293 Ι
1075 4246 1190 4309 irnagine,
1217 4247 1294 4295 refers
1315 4251 1343 4295 to
1366 4246 1409 4295 the

253 4344 270 4381 1.
283 4348 308 4395 p.
323 4329 359 4390 16,
372 4347 397 4380 n.
413 4345 433 4380 1.
855 4329 1017 4389 Mareosians,
1037 4329 1086 4377 arrd
1098 4329 1169 4376 other
1184 4328 1303 4377 branches
1321 4329 1351 4377 os
1363 4328 1408 4378 tho

302 4412 456 4460 ldeoimum.
485 4413 545 4461 This
553 4413 622 4462 word
632 4413 805 4476 helpstoestm
855 4411 1017 4459 Valentinian
1036 4411 1114 4469 stoolu,
1139 4412 1275 4468 μισούντων
1291 4413 1336 4470 τῆς
1351 4411 1406 4459 'Er-

252 4495 316 4543 blish
328 4497 410 4543 ἔνατος
420 4494 506 4553 above,
519 4495 568 4542 and
583 4510 662 4543 sonus
672 4494 769 4543 instead
780 4494 809 4542 ot
856 4494 956 4551 κλησιοις
971 4493 1068 4554 χρόνων,
1089 4491 1140 4540 and
1158 4496 1204 4540 not
1223 4496 1250 4540 ιο
1269 4493 1334 4541 their
1352 4508 1406 4556 pre·

251 4583 347 4625 marro
374 4576 400 4623 in
427 4575 470 4623 the
498 4575 583 4626 Latin.
621 4576 735 4640 Possibly
762 4576 805 4625 the
854 4574 986 4622 «lacessam.
