3000 4994
256 329 301 394 36
740 342 769 395 s.
797 342 909 395 auom

99 518 238 604 magra
258 508 326 565 arat
347 498 385 564 de
404 520 461 586 qao
484 496 631 576 datham,
651 499 743 562 ¹Port
764 518 810 560 ma
831 496 914 561 cauit
934 496 984 560 cir
1004 495 1059 582 qai
1080 505 1150 564 aeta
1170 518 1217 561 ma
1230 498 1339 581 saetas
1360 502 1412 573 ast,

94 612 247 698 ‚ffisssffifg
259 603 403 687 quautam
415 601 510 686 prior
527 622 573 665 ma
590 609 676 666 arat:
707 620 861 685 omnesque
881 598 918 663 da
934 599 1130 687 plenitudino
1148 600 1213 684 orfus
1232 599 1414 683 accepimus.

161 705 180 744 ἃ
262 704 343 769 Haec
358 704 463 791 itaque
482 703 592 769 salutis
605 702 743 790 agnitio;
767 702 822 767 sed
843 723 905 766 uon
924 701 1003 766 alter
1022 702 1119 780 Deus,
1140 724 1197 767 uec
1211 702 1291 766 alter
1306 702 1412 778 Pater,

94 813 145 854 ¹⁰¹¹·
153 814 167 852 ¹·
177 815 206 854 lt
261 829 360 894 neque
383 808 516 895 Bythus,
537 829 636 895 neque
652 806 797 870 Pleroma
814 805 944 892 triginta
964 807 1118 882 AEonum,
1140 828 1197 870 nec
1219 806 1325 869 Mater
1344 806 1415 891 ”og-

260 911 395 976 doados:
419 911 475 976 sed
489 911 608 998 agnitio
622 909 733 974 salutis
747 917 814 973 erat
828 907 947 994 agnitio
964 908 1038 972 Filii
1054 908 1124 984 Dei,
1145 909 1198 994 qui
1217 918 1249 972 et
1266 908 1361 984 salue,
1381 915 1415 972 et

262 1014 414 1092 Salvator,
437 1024 469 1080 et
490 1015 625 1080 salutare
645 1022 766 1078 vereet
786 1012 898 1077 dicitnr
918 1020 1027 1077 otest.
1072 1012 1164 1076 Salus
1185 1012 1319 1099 quidem,
1347 1012 1412 1077 sic:

96 1140 248 1181 ommam
261 1117 306 1181 Ia
326 1117 454 1183 solutam
479 1129 565 1183 taam
590 1116 722 1181 cattam·
747 1125 775 1180 ta
800 1115 940 1179 Domita.
988 1114 1129 1179 Salvator
1151 1126 1257 1180 autem
1279 1115 1414 1179 itemm:

97 1236 223 1277 mazar.
262 1220 341 1284 Ecca
351 1221 434 1284 Deae
444 1241 535 1297 meas,
546 1219 692 1284 Salvator
705 1239 795 1293 meas,
802 1217 905 1299 fideus
925 1239 975 1280 aro
990 1218 1024 1281 ia
1039 1238 1115 1281 eam.
1153 1216 1294 1282 Salutate
1309 1225 1415 1281 autem

100 1346 229 1388 ramus
263 1322 327 1386 sic:
351 1322 468 1387 Notum
483 1322 565 1406 sarit
582 1322 669 1386 Daue
683 1320 820 1384 mlatare
836 1343 923 1384 saara
941 1319 976 1384 ia
995 1329 1148 1404 conspecta
1164 1321 1309 1405 postiam.
1355 1317 1416 1383 Est

263 1425 348 1490 enim
368 1425 511 1491 Salvator
530 1425 665 1512 quidem,
686 1424 833 1510 quoniam
850 1424 952 1489 Filius
966 1433 999 1489 et
1016 1423 1158 1489 Verbum
1174 1424 1256 1500 Dei;
1280 1425 1416 1490 salutare

99 1537 379 1608 recalescentem,
396 1531 542 1616 quoniam
564 1529 717 1615 Spiritus:
743 1529 907 1614 ³Spiritas,
931 1527 1016 1593 euim
1039 1528 1150 1612 inquit,
1169 1530 1273 1614 faciei
1295 1538 1414 1607 aostroe,

96 1646 208 1688 rotatu
265 1630 402 1694 atratus
430 1631 596 1705 Dominam
630 1629 721 1695 Salus
749 1641 866 1709 autem,
890 1630 1036 1717 quoniam
1060 1653 1151 1696 caro:
1185 1631 1314 1696 Verbum
1338 1634 1416 1696 euim

263 1754 335 1797 aare
349 1736 474 1817 factam
499 1743 549 1811 ast,
572 1743 600 1797 at
624 1733 773 1798 latitabit
795 1736 829 1798 io
852 1733 940 1798 coba.
987 1735 1081 1799 Hanc
1107 1735 1203 1822 igitur
1226 1735 1417 1822 agnitionem

263 1835 374 1900 salutis
391 1836 525 1900 faciebat
547 1834 711 1901 Johannes
731 1837 1142 1923 poeniteutiamagentibus,
1163 1848 1195 1903 et
1219 1839 1417 1904 credentibus

264 1936 429 2024 inagnum
444 1937 516 2015 Dei,
532 1938 584 2022 qui
600 1937 681 2002 tollit
697 1946 860 2022 peccatum
875 1938 993 2003 mundi.

330 2043 361 2104 3.
407 2039 575 2124 Apparuit,
597 2039 708 2124 inquit,
727 2048 760 2104 et
782 2039 959 2125 pastoribus
981 2041 1111 2127 angelus
1135 2042 1274 2120 Domini,
1297 2067 1416 2110 annun-

264 2141 348 2206 tians
379 2141 527 2229 gaudium
564 2143 620 2217 eis,
657 2144 799 2228 quoniam
831 2153 993 2228 pacaretur
1029 2154 1070 2207 eat
1105 2146 1139 2208 ia
1170 2147 1272 2210 ⁴domo
1308 2150 1421 2213 Dauid

265 2246 419 2322 Salvator,
437 2247 491 2332 qai
515 2256 556 2310 est
581 2246 716 2310 Otrtstas
738 2246 898 2311 Dominae.
942 2248 1065 2311 Deinde
1088 2248 1248 2314 multitado
1271 2253 1420 2315 caercitas

265 2350 386 2413 calatis
407 2349 600 2413 laudantium
622 2350 724 2412 Deum
746 2357 773 2412 at
795 2349 976 2419 diaeotiamr
1010 2351 1119 2414 Gloria
1141 2353 1175 2414 ia
1199 2353 1317 2416 cacabis
1339 2355 1417 2434 Deo,
1431 2367 1456 2406 G·
1466 2368 1500 2405 21

265 2460 292 2515 at
307 2452 340 2516 in
355 2461 441 2514 terra
453 2474 522 2536 pas
535 2449 702 2514 tebainibus
715 2448 817 2512 ⁶boum
831 2450 1002 2515 oolaatata's.
1051 2451 1121 2518 Hos
1138 2455 1267 2540 angelos
1283 2456 1417 2522 ⁶falsarii

265 2554 409 2619 Gnostici
432 2553 541 2618 dicunt
560 2553 600 2617 ab
623 2552 763 2639 ogdoade
783 2552 916 2632 venisse,
939 2561 972 2617 et
993 2554 1225 2621 descensionem
1250 2559 1419 2644 superioris

173 2709 187 2728 .
265 2657 382 2723 Christi
405 2657 633 2722 manifestasse.
693 2655 756 2720 Sed
779 2665 927 2721 corruunt
952 2657 1066 2722 itemm
1096 2660 1237 2726 dicentes
1264 2684 1336 2727 eum
1365 2664 1418 2750 qui

263 2781 385 2826 sursum
400 2761 452 2838 eit,
470 2761 628 2825 Christum
643 2765 675 2823 et
692 2758 894 2837 Salvatorem,
911 2781 977 2825 non
992 2770 1099 2825 uatum
1122 2785 1201 2843 esse,
1218 2765 1274 2829 sed
1294 2773 1327 2830 et
1347 2774 1419 2853 post

263 2864 419 2948 baptisma
430 2863 498 2947 ejus
510 2861 563 2946 qni
575 2861 618 2925 sit
632 2861 689 2925 lde
703 2861 907 2945 dispositione
921 2862 946 2927 J
947 2885 1012 2942 esu,
1023 2865 1141 2952 ⁸ipsnm
1150 2868 1232 2933 siout
1244 2870 1419 2937 columbam

313 3066 462 3129 lCompare
477 3064 527 3114 ma
542 3064 608 3112 lita.
624 3063 678 3112 aad
695 3063 773 3114 meat.
790 3064 820 3128 ⁰f
868 3069 968 3129 obtorta,
982 3069 1208 3132 qai...ltominibtu
1226 3089 1297 3123 ruam
1314 3076 1420 3139 bariani·

264 3148 302 3197 tha
320 3148 394 3197 rara
413 3147 505 3206 Orccds,
524 3163 549 3210 p.
570 3148 625 3207 238.
660 3147 713 3194 The
731 3146 817 3210 Syriae
868 3155 937 3197 tatem
951 3151 1037 3200 salatia
1052 3152 1081 3202 dc
1094 3154 1149 3202 calo
1164 3155 1236 3204 rabit.
1266 3157 1318 3205 The
1334 3157 1420 3222 Syriae

264 3245 391 3294 expresses
418 3229 523 3293 priority
551 3228 577 3275 iu
605 3229 677 3292 point
704 3229 733 3276 ot
756 3229 817 3277 timo
868 3216 1240 3314 „imflarpyhmmlffl
1250 3257 1418 3318 ἐλπχςάγαθὴ,
1456 3298 1463 3313 .

264 3325 322 3372 001
342 3311 502 3397 ..ι-ΕΟΓΟΣ,
526 3327 573 3375 but
595 3342 642 3374 our
668 3326 816 3375 translation
867 3329 919 3378 The
927 3330 1003 3379 Latin
1015 3333 1170 3395 translation,
1178 3337 1326 3386 eitherfrom
1334 3339 1420 3404 deeign

264 3409 372 3457 without
382 3423 469 3457 reason
480 3408 566 3456 makes
580 3409 602 3456 it
616 3409 659 3456 the
670 3408 818 3471 precedeuce
869 3426 897 3461 or
917 3415 1091 3466 inadvertenco
1112 3417 1141 3465 os
1154 3421 1323 3482 transcribere,
1338 3422 1421 3471 would

264 3489 293 3538 of
301 3489 404 3549 honour,
417 3503 467 3537 aras
473 3487 601 3550 preferred
612 3487 690 3551 before
701 3504 744 3540 me.
770 3490 815 3539 Gr.
868 3496 944 3560 easily
956 3497 1111 3561 incorporate
1120 3500 1163 3548 tho
1174 3500 1285 3564 Vulgata
1296 3502 1419 3567 readings.

266 3570 359 3631 πρῶτός
372 3587 425 3628 μου.
917 3578 928 3610 ⁸
938 3579 1052 3643 falsasti,
1066 3582 1117 3630 Aa.
1125 3581 1199 3645 falsi,
1212 3585 1291 3633 which
1302 3585 1421 3649 ispresar·

313 3648 326 3682 ¹
341 3649 467 3712 insertoris
478 3667 511 3699 so.
868 3661 939 3722 able;
957 3664 995 3711 sor
1008 3666 1210 3726 ψευδογνώστικοι
1216 3667 1286 3715 reads
1297 3684 1366 3716 more
1372 3669 1422 3718 like

314 3732 325 3765 ³
341 3733 394 3781 The
404 3733 550 3781 translation
562 3734 680 3813 asteruthe
692 3734 780 3783 LXX·
793 3733 823 3782 0f
869 3745 912 3793 the
923 3746 1028 3808 original
1037 3747 1099 3795 thau
1109 3751 1292 3809 καπηλεύοντες,
1302 3751 1332 3798 of
1340 3751 1421 3800 which

264 3817 308 3865 the
319 3815 428 3864 Hebrew
438 3820 493 3863 text
505 3804 567 3890 filil}
580 3815 657 3892 [lm
670 3816 747 3877 lupa
761 3817 818 3874 [aa.
870 3824 989 3884 ἀγγέλους
1000 3825 1082 3873 would
1094 3825 1123 3873 be
1134 3826 1177 3875 the
1188 3827 1276 3890 object.

314 3914 419 3963 ⁴domo.
454 3913 566 3976 Quoting
588 3913 734 3977 apparently
754 3913 819 3960 from
918 3906 1421 3974 ⁷dadiepositiorw,appearstohavetho

261 3999 384 4060 ‘memory,
409 3996 451 4044 the
477 3996 568 4043 author
595 3995 742 4042 substitutos
769 3994 819 4042 this
869 3990 1004 4054 testimony
1015 3992 1044 4038 os
1052 3991 1129 4041 MSS.
1143 3992 1168 4040 in
1182 3993 1214 4041 its
1225 3994 1421 4052 seronati-salso

266 4076 334 4124 word
351 4093 378 4125 as
396 4075 457 4125 used
473 4075 556 4124 before
573 4075 607 4139 by
626 4074 761 4123 Zachariah
781 4073 820 4122 sor
869 4089 885 4121 a
896 4074 943 4120 lew
953 4073 1015 4120 lines
1025 4073 1107 4133 lower,
1122 4074 1218 4137 though
1233 4074 1327 4123 Graes
1340 4076 1421 4138 prints

266 4157 365 4207 actare.
869 4170 897 4202 a
911 4155 936 4202 in
954 4156 1103 4218 conformity
1120 4156 1180 4203 with
1197 4157 1240 4204 the
1258 4156 1341 4205 Greek
1356 4162 1418 4216 text,

315 4238 408 4287 ⁶bosa
436 4239 571 4298 calametis,
601 4239 644 4287 the
671 4237 819 4286 translation
869 4235 928 4285 Vol.
942 4248 961 4286 1.
981 4234 1020 4296 62,
1043 4250 1096 4296 151,
1120 4236 1170 4284 and
1186 4237 1272 4296 below,
1295 4252 1335 4297 4²·
1370 4238 1422 4286 For

267 4319 296 4367 os
304 4320 346 4367 tho
356 4319 816 4383 Vulgatel'romthereadingedtortar,
868 4318 911 4366 the
923 4318 1040 4380 meaning
1055 4318 1083 4365 of
1097 4317 1126 4364 de
1136 4317 1290 4379 depositione
1301 4318 1367 4378 Jesa,
1382 4335 1422 4367 seo

266 4400 348 4448 which
375 4401 483 4464 scaroely
511 4418 589 4450 seems
616 4408 643 4450 to
671 4403 735 4450 have
756 4403 818 4448 baeu
868 4402 911 4449 the
923 4400 1064 4448 Maroosian
1076 4401 1182 4460 notione,
1194 4400 1251 4449 Vol
1265 4413 1283 4450 1.
1301 4415 1353 4462 ¹50›
1367 4412 1420 4461 151.

266 4481 374 4545 adopted
391 4481 425 4544 by
439 4482 572 4542 Imaus,
589 4483 694 4531 because
708 4484 740 4531 he
755 4482 817 4531 indi·
918 4480 929 4512 ⁰
945 4480 1092 4543 ipsun1,the
1110 4481 1190 4529 Carta
1201 4482 1229 4530 of
1240 4482 1283 4530 the
1295 4481 1418 4544 Pleroma,

266 4569 334 4613 cates
356 4565 382 4612 iu
400 4563 443 4612 the
460 4564 545 4626 sequel
563 4565 605 4613 the
626 4573 720 4628 recepta
741 4564 815 4627 lectio,
868 4565 942 4628 being
953 4565 1056 4614 dutinct
1069 4566 1133 4614 from
1148 4565 1221 4627 Soter,
1234 4581 1267 4614 en
1280 4563 1422 4628 ambiguity
