3000 4994
548 345 667 398 n1vus
692 344 847 397 nereus.
1229 327 1271 391 61

120 559 225 576 .......
238 508 376 605 Τρονῶς
402 507 573 591 σημαίνων,
603 508 657 578 ὅτι
687 506 724 578 tr
751 507 918 605 πρότερον
947 503 1033 575 θεὸν
1064 505 1230 604 ἐφοβεῖτο
1254 505 1273 574 ὁ
1310 514 1415 600 ¹¹¹5}ng

119 619 316 712 Κορνήλιος,
342 618 402 691 τὸν
423 614 499 726 [dr]
526 617 578 689 ded
599 625 661 690 τοῦ
680 622 779 704 νόμου
797 619 851 688 καὶ
877 622 942 689 τῶν
965 621 1150 718 προφῆτων
1175 649 1274 699 scre·
1292 607 1439 694 ‘diffidi

119 743 226 828 χεῖτο,
265 731 305 802 δι’
341 734 382 805 eir
415 726 491 837 [ὃν]
525 733 578 802 καὶ
611 730 672 809 τὰς
708 732 925 814 ἐλεημοσύνας
955 731 1069 813 ἐποίει,
1098 730 1194 805 οὗτος
1222 711 1438 852 iudo—¹3}-

120 846 274 929 ἀληθείας
303 848 377 917 ἔστι
399 847 492 921 Θεός.
541 845 690 914 Ἔλειπε
717 843 751 915 δὲ
781 846 874 934 αὐτῷ
904 848 922 926 ἦ
952 850 1015 916 τοῦ
1035 844 1118 913 Υἱοῡ
1145 848 1273 934 γνῶσις.
1288 821 1423 910 clife⁸¹¹¹

120 1051 268 1135 quoniam
283 1073 376 1134 quem
387 1060 481 1115 antea
496 1051 600 1114 Deum
616 1050 748 1114 timebat
761 1048 932 1127 Cornelius,
949 1072 1042 1136 quem
1057 1072 1112 1136 per
1126 1050 1228 1138 legem
1243 1058 1276 1115 et

120 1157 290 1242 prophetas
304 1157 455 1234 audierat,
472 1166 598 1242 propter
619 1178 710 1240 quem
725 1164 757 1220 et
781 1155 992 1240 eleemosynas
1012 1155 1155 1231 faciebat,
1176 1155 1227 1219 hic
1243 1155 1276 1218 in

120 1261 253 1325 veritate
267 1268 316 1325 est
330 1261 427 1325 Deus.
457 1260 575 1324 Deerat
585 1269 690 1324 autem
702 1259 731 1323 ei
747 1258 873 1346 ¹[Filii]
890 1258 1020 1344 agnitio.
1051 1258 1184 1342 Propter
1193 1257 1275 1342 quod

121 1363 255 1448 adjecit:
288 1362 344 1427 Vos
362 1365 444 1428 scitis
461 1365 541 1450 quod
553 1366 736 1448 factumest
755 1360 877 1426 oerlrmu
894 1384 956 1447 per
979 1383 1092 1425 onmem
1115 1361 1275 1425 totenes.
1288 1385 1367 1474 pepp

121 1467 278 1551 Incipiens
291 1468 370 1529 ere-im
384 1489 405 1529 e
423 1466 630 1552 Goliloeepost
639 1464 815 1551 baptismum
831 1465 911 1550 quod
916 1465 1104 1550 predicavit
1112 1464 1275 1539 Jodereues,

121 1570 228 1633 Jesum
242 1593 262 1633 e
277 1569 448 1646 Nazareth,
467 1568 714 1655 quemadmodum
734 1568 823 1631 enuit
840 1589 907 1631 euru
930 1567 1014 1631 Deos
1034 1568 1158 1652 Spiritu
1176 1575 1276 1630 mereto

122 1683 151 1736 et
165 1674 296 1737 virtute:
320 1674 383 1759 ipse
404 1674 547 1737 circuivit
570 1670 754 1756 benefaciens
776 1681 803 1735 et
825 1693 936 1735 eureus
957 1693 1053 1734 orrrues
1070 1673 1123 1758 qui
1146 1672 1278 1757 oppressi

123 1787 213 1841 ercet
235 1800 255 1840 e
271 1775 398 1854 diodoto,
416 1778 559 1862 quereiam
579 1775 664 1839 Deus
685 1784 752 1840 eret
772 1797 839 1838 curu
859 1797 898 1839 eo.
942 1774 986 1837 Et
1000 1797 1051 1838 reos
1065 1783 1147 1838 testes
1161 1776 1278 1838 ²sumus

122 1881 256 1943 omnium
270 1902 373 1944 eorum
388 1880 542 1966 quccsecit
557 1888 584 1943 et
595 1880 628 1942 iu
643 1879 761 1964 repiooe
772 1879 964 1956 trecorum,
976 1887 1002 1942 et
1017 1880 1051 1941 iu
1065 1878 1275 1943 Hierusalem:

122 2005 211 2067 quere
235 1985 451 2068 iuterfecerunt
476 1983 682 2070 susperuleutes
707 1983 741 2046 iu
767 1983 857 2068 lipeo.
900 1982 993 2046 Hune
1022 1982 1106 2047 Deus
1135 1983 1277 2046 eceiteoit

123 2087 217 2149 tertie
243 2087 302 2163 die,
328 2096 355 2149 et
380 2087 464 2150 dedi-t
489 2109 555 2151 euru
578 2086 771 2169 errauifestum
784 2086 873 2166 fieri,
900 2106 957 2148 ooo
982 2086 1063 2148 eructi
1080 2085 1203 2170 populo,
1227 2085 1282 2149 sed

122 2187 243 2253 testibus
264 2188 346 2254 notis
360 2191 589 2275 praedestinatis
609 2212 630 2253 ο
652 2188 727 2266 Deo,
748 2189 802 2274 qui
819 2211 886 2253 curu
912 2210 944 2252 ee
969 2197 997 2252 et
1018 2189 1278 2267 ramuducecimus,

123 2302 153 2356 et
168 2290 292 2356 bibiones
300 2301 368 2378 post
383 2294 628 2357 resurrectionem
642 2315 663 2356 e
678 2293 813 2357 mortuis.
848 2291 1279 2378 superseptipartientes

123 2395 206 2457 tiore
223 2394 337 2480 populo
364 2405 392 2460 et
416 2397 581 2478 testificari,
606 2395 748 2480 quereiam
771 2396 834 2481 epse
853 2404 894 2458 est
912 2395 1150 2480 predestinatus
1172 2417 1193 2459 e
1212 2394 1279 2458 Deo

123 2497 229 2562 Judec
243 2499 381 2562 cicorum
395 2507 423 2561 et
444 2508 640 2562 rreortuorum.
681 2498 762 2560 Huic
789 2520 886 2560 onmes
901 2496 1058 2583 prophete
1081 2497 1279 2561 testimouium

124 2599 268 2677 reddunt,
291 2602 490 2665 remissionem
506 2610 700 2688 peccatorum
719 2600 856 2685 occipere
876 2622 937 2686 per
959 2621 1064 2664 oerrreu
1087 2599 1150 2684 erus
1166 2621 1280 2664 onerem

124 2703 293 2776 credentem
308 2704 430 2768 ineunt.
618 2772 624 2783 ,

193 2810 223 2873 9.
270 2805 387 2870 Filium
403 2829 477 2893 ergo
496 2805 558 2872 Dei
578 2827 671 2892 quem
686 2805 872 2891 ignorabant
887 2803 1037 2884 homines,
1053 2804 1281 2870 annuntiabant

126 2909 285 2995 Apostoli,
301 2919 333 2974 et
348 2910 514 2974 adventum
529 2909 606 2994 ejus,
623 2909 672 2973 his
695 2909 747 2994 qui
768 2917 842 2973 ante
859 2909 1001 2975 instructi
1018 2918 1106 2975 eraut
1129 2910 1168 2974 de
1187 2908 1277 2984 Deo;

126 3012 184 3077 sed
203 3035 266 3078 non
289 3013 422 3077 alterum
449 3013 553 3077 Deum
576 3013 759 3077 inferebant.
805 3013 840 3077 Si
858 3013 942 3079 enim
965 3013 1028 3078 tale
1049 3012 1166 3097 aliquid
1186 3013 1280 3078 sciret

128 3117 254 3194 Petrus,
276 3116 371 3180 libere
390 3116 537 3202 gentibus
559 3115 769 3201 predicasset,
788 3116 919 3181 altemm
944 3116 1067 3200 quidem
1086 3117 1279 3196 Judmorum,

127 3218 261 3283 alterum
285 3229 390 3283 autem
413 3219 661 3284 Christianorum
683 3241 752 3283 esse
775 3219 895 3294 Deum;
929 3221 982 3304 qui
1007 3219 1132 3307 quidem
1156 3231 1282 3307 propter

128 3322 281 3386 visionem
303 3320 406 3407 angeli
427 3321 587 3387 conterriti
608 3344 726 3399 omnes,
745 3323 949 3409 quodcunque
967 3323 1168 3401 euenisset,
1185 3323 1282 3389 credi·

127 3425 258 3489 dissent.
306 3424 358 3488 Ex
381 3425 483 3489 verbis
502 3432 608 3489 autem
634 3425 721 3489 Petri
738 3426 936 3490 manifestum
958 3435 1016 3504 est,
1039 3427 1183 3512 quoniam
1203 3450 1282 3514 prae-

127 3527 290 3614 cognitum
306 3528 431 3614 quidem
446 3529 492 3592 eis
508 3528 611 3592 Deum
632 3528 810 3607 custodivit,
827 3528 945 3593 Filium
963 3538 1067 3595 autem
1087 3530 1147 3594 Dei
1168 3530 1282 3596 desum

128 3632 291 3698 Christum
306 3655 374 3698 esse
389 3634 576 3698 testificatus
596 3642 646 3698 est
665 3633 752 3719 ipsis,
774 3634 912 3719 judicem
933 3634 1071 3700 vivorum
1091 3644 1123 3699 et
1146 3645 1283 3701 mortuo

128 3759 209 3814 rum,
233 3737 265 3800 in
285 3760 378 3821 quem
399 3746 432 3803 et
447 3737 595 3824 baptizari
611 3759 665 3802 eos
676 3737 771 3822 jussit
787 3738 1047 3803 inremissionem
1063 3746 1280 3822 peccatorum:

128 3847 162 3904 et
177 3860 241 3903 non
255 3847 379 3903 tantum
392 3839 462 3918 hoc,
477 3841 533 3904 sed
548 3848 580 3904 et
596 3839 619 3904 J
621 3862 708 3905 esum
725 3840 826 3926 ipsum
842 3863 910 3905 esse
927 3839 1044 3903 Filium
1060 3839 1120 3903 Dei
1137 3839 1281 3905 testifica-

128 3949 183 4006 tus
197 3951 256 4019 est,
272 3943 324 4028 qui
340 3951 373 4006 et
393 3951 507 4008 unctus
524 3943 644 4027 Spiritu
658 3954 779 4021 sancto,
795 3942 819 4006 J
820 3965 892 4007 esus
907 3943 1049 4007 Christus
1071 3941 1193 4007 dicitur.
1239 3942 1284 4008 Et

129 4052 179 4108 est
194 4043 245 4109 hic
268 4044 352 4109 idem
366 4067 407 4109 ex
425 4046 530 4109 Maria
544 4053 647 4124 natus,
663 4046 922 4132 quemadmodum
939 4044 1026 4108 Petri
1042 4043 1182 4108 continet
1196 4044 1283 4109 testi-

129 4146 248 4211 ficatio.
294 4146 349 4210 An
371 4147 522 4232 numquid
540 4149 709 4233 perfectam
723 4156 798 4211 tunc
813 4146 1022 4233 cognitionem
1038 4147 1176 4211 nondum
1190 4148 1284 4214 habe·

129 4251 186 4314 bat
214 4249 338 4328 Petrus
363 4272 456 4336 quam
482 4259 591 4336 postea
616 4250 839 4315 adinvenerunt
860 4249 914 4313 hit
959 4249 1163 4335 Imperfectus
1190 4252 1285 4338 igitur

129 4355 303 4422 secundum
327 4352 385 4417 hos
409 4353 534 4432 Petrus,
558 4352 729 4437 imperfecti
750 4360 854 4416 autem
875 4361 908 4417 et
929 4352 1038 4438 reliqui
1065 4353 1229 4441 Apostoli:
1252 4367 1286 4423 et

233 4557 240 4587 ¹
260 4558 329 4619 Filii,
348 4574 376 4607 as
388 4557 433 4619 FI,
446 4557 566 4609 absorbul
578 4559 602 4606 in
615 4557 659 4607 EI.
759 4556 771 4588 ¹
785 4573 875 4620 merrus,
894 4559 997 4610 omitted
1013 4561 1047 4625 by
1064 4561 1186 4614 Sumit.
