3000 4994
542 364 654 416 nomo
683 365 862 418 musena.
1215 353 1280 418 335

127 517 255 582 modum
281 515 492 602 praediximus,
516 517 563 582 vel
584 517 669 583 aliud
690 518 806 606 aliquid
831 526 946 605 praeter
966 519 1134 586 hominem.
1172 519 1282 607 Neque
1324 543 1416 628 Lli'd'·

127 619 211 684 enim
235 620 399 704 plasmatio
423 621 525 686 carnis
548 620 617 707 ipsa
639 621 811 686 secundum
834 644 869 688 se
895 622 990 688 homo
1017 623 1187 710 ¹perfectus
1209 631 1278 700 est;
1311 635 1428 722 ffip

127 723 184 787 sed
198 744 311 809 corpus
324 721 470 801 hominis,
486 730 518 788 et
533 744 606 808 pars
624 723 770 790 hominis.
815 724 926 812 Neque
947 725 1032 790 enim
1046 734 1080 791 et
1093 726 1198 791 anima
1214 726 1282 813 ipsa
1295 728 1443 810 „ffl-

126 825 299 890 secundum
313 847 348 890 se
362 826 474 901 hom03
494 825 550 890 sed
565 826 669 891 anima
683 827 828 906 hominis,
844 835 877 893 et
890 850 963 914 pars
977 829 1122 894 hominis.
1170 827 1280 916 Neque

128 927 258 1014 spiritus
272 927 379 994 homo:
403 929 532 1014 spiritus
550 929 644 1007 enim,
659 937 692 994 et
713 951 777 996 nou
796 930 890 997 homo
909 938 1048 998 vocatur.
1091 931 1280 997 (lommixtio

127 1038 234 1095 autem
248 1037 281 1096 et
301 1031 401 1096 unitio
422 1031 534 1095 horum
554 1032 692 1097 omnium
717 1033 888 1117 perfectum
909 1032 1067 1097 hominem
1085 1032 1191 1098 efficit.
1235 1031 1281 1098 Et

128 1141 255 1219 propter
268 1134 328 1199 hoc
345 1134 517 1220 Apostolus
531 1133 667 1219 seipsum
683 1156 851 1221 exponens,
867 1135 1044 1222 explanavit
1061 1135 1233 1222 perfectum
1247 1143 1280 1200 et

128 1234 298 1320 spiritalem
312 1235 422 1301 salutis
437 1235 604 1314 hominem,
620 1235 652 1300 in
672 1237 772 1321 prima
785 1236 917 1322 epistola
932 1236 972 1302 ad
988 1237 1280 1303 Thessalonicenses

26 1357 57 1396 ιι.
66 1357 109 1394 ³00.
128 1338 235 1403 dicens
255 1338 320 1404 sic:
344 1339 430 1405 Deos
451 1350 553 1404 autam
569 1341 662 1426 pacis
682 1341 847 1424 mortificet
867 1363 917 1406 ooo
930 1343 1090 1428 perfectos,
1114 1352 1142 1408 ct
1164 1343 1280 1428 intepet·
1293 1361 1445 1403 ιτιιωαα

127 1450 221 1505 venor
234 1442 372 1527 spir-itas,
387 1451 416 1507 ct
429 1443 546 1520 aalma,
558 1451 587 1507 ct
597 1464 703 1529 coepes
716 1443 781 1507 οτόο
795 1443 917 1529 quercla
933 1445 968 1508 in
981 1444 1144 1509 adventum
1151 1444 1280 1509 Domini

126 1543 204 1609 Jesa
230 1545 345 1608 Christi
372 1554 519 1610 servetur.
578 1544 623 1610 Et
649 1566 742 1632 quam
773 1546 880 1632 utique
909 1568 1036 1612 causam
1064 1547 1200 1612 habebat
1229 1547 1279 1612 his

128 1647 257 1725 ²tribus‚
272 1648 305 1712 id
319 1656 369 1714 est
382 1648 496 1712 animae
511 1655 544 1713 et
564 1648 683 1734 corpori
698 1657 730 1713 et
745 1648 878 1735 spiritui,
891 1649 1043 1737 integram
1059 1658 1091 1715 et
1110 1650 1279 1736 perfectam

128 1751 406 1836 perseverationem
428 1751 547 1837 precari
575 1751 608 1815 in
631 1752 816 1817 ³adventum
835 1752 974 1831 Domini,
1006 1754 1065 1818 nisi
1089 1753 1279 1840 redintegra·

127 1853 245 1919 tionem
267 1863 301 1920 et
321 1854 534 1919 adunitionem
556 1854 660 1934 trium,
682 1861 717 1920 et
737 1877 832 1919 unam
855 1864 887 1920 et
904 1856 1035 1921 eandem
1050 1856 1186 1942 ipsorum
1201 1855 1281 1921 scie-

128 1959 183 2024 bat
206 1958 360 2024 salutent
404 1958 539 2044 Propter
564 1958 647 2045 quod
673 1966 706 2023 et
731 1959 887 2045 perfectos
909 1960 955 2024 ait
980 1981 1045 2037 eos,
1060 1960 1113 2047 qui
1134 1959 1194 2024 tria
1215 1959 1282 2024 sine

129 2061 254 2147 querela
275 2061 424 2126 exhibent
440 2061 587 2127 Domino.
632 2061 769 2127 Persecti
794 2061 899 2149 igitur,
915 2061 968 2147 qui
986 2071 1018 2127 et
1035 2062 1185 2149 Spiritum
1200 2061 1233 2125 in
1247 2084 1282 2127 se

129 2171 377 2252 perseverantem
402 2164 568 2229 habuerint
583 2162 655 2243 Dei,
682 2172 715 2229 et
734 2164 855 2229 animas
877 2172 910 2229 et
930 2187 1059 2251 corpora
1075 2165 1143 2230 sine
1158 2165 1282 2252 querele

130 2265 328 2344 servaverint,
344 2264 436 2343 ⁴Dei,
452 2265 557 2344 idest,
579 2264 662 2329 illam
678 2288 747 2352 quse
758 2266 799 2330 ad
814 2265 918 2331 Deum
930 2273 989 2344 est,
1004 2266 1098 2331 fidem
1113 2276 1281 2346 servantes,

130 2379 163 2436 et
177 2392 247 2435 eam
262 2390 330 2456 quse
344 2369 386 2433 ad
400 2369 577 2455 proximum
590 2377 640 2434 est
654 2374 666 2411 ⁶
671 2369 828 2456 justitiam
843 2369 1064 2436 custodientes.

196 2477 228 2540 2.
272 2473 369 2538 Unde
390 2480 423 2537 et
442 2471 594 2556 templum
615 2472 677 2537 Dei
697 2472 817 2559 plasma
836 2494 905 2538 esse
918 2473 981 2538 ait:
1005 2474 1149 2551 Nescith,
1165 2473 1281 2550 dicens,

130 2577 274 2663 quonium
291 2574 435 2662 ternplum
456 2574 519 2638 Dei
540 2574 618 2651 estis,
639 2582 667 2639 et
686 2574 826 2659 Spiritus
839 2574 902 2638 Dei
920 2573 1039 2641 baldat
1051 2577 1086 2639 ia
1100 2573 1201 2640 vobis?
1245 2575 1284 2640 Si
1297 2594 1399 2635 locam.
1410 2594 1439 2633 ια

130 2679 198 2766 quis
212 2677 356 2766 tenplum
370 2677 433 2742 Dei
447 2676 616 2755 violaverit,
631 2675 786 2763 dchpcrdct
799 2676 887 2741 illum
898 2676 993 2742 Deus.
1035 2676 1192 2764 Templum
1204 2677 1284 2742 caim

30 2796 109 2836 (Μ
130 2784 193 2849 Dei
206 2792 344 2848 tanmem
358 2789 408 2861 oct,
424 2781 506 2868 quod
523 2781 593 2846 estis
607 2801 675 2855 coa·
700 2779 865 2845 manifeste
879 2780 1030 2866 templum
1049 2803 1162 2867 corpus
1176 2781 1284 2847 dicens

130 2888 163 2953 in
179 2909 241 2975 quo
255 2886 377 2952 habitet
394 2885 539 2972 Spiritus.
584 2884 853 2968 Quemadmodum
873 2892 906 2950 et
921 2884 1078 2950 Dominus
1090 2885 1150 2950 ⁰de
1164 2908 1198 2951 sc
1217 2885 1281 2952 ait:

131 2992 246 3058 Solvite
271 2991 324 3056 boo
349 2990 502 3077 templum,
529 2999 557 3056 ct
581 2990 617 3055 in
642 2989 741 3055 tridua
763 2989 867 3054 dieta
894 2988 1041 3055 acritate
1070 2989 1160 3056 illud.
1217 2991 1284 3056 Hoc
1295 3006 1373 3048 soh-¹1·
1382 3006 1410 3053 la
1418 3006 1448 3046 91-

131 3105 241 3174 cotom,
257 3093 368 3180 iuquit,
383 3091 502 3158 dicebat
515 3093 554 3158 dc
572 3113 695 3178 corporo
715 3114 778 3159 suo.
823 3092 868 3157 Et
890 3113 954 3158 non
977 3099 1100 3156 tantum
1121 3093 1283 3180 templum,

132 3196 187 3262 sed
202 3204 235 3261 et
251 3195 402 3282 templum
418 3194 539 3261 Christi
554 3195 615 3260 scit
629 3216 759 3280 corpora
773 3202 890 3273 nostra,
907 3194 1077 3261 Corinthiis
1091 3195 1199 3262 dicens
1217 3196 1281 3263 sic:

133 3299 270 3365 Nescitis
288 3298 432 3385 qnoniam
453 3319 582 3383 corpora
604 3307 704 3363 oestro
727 3297 861 3363 membra
884 3299 1001 3363 otras
1023 3299 1120 3364 suat?
1169 3299 1286 3366 Totiens
1299 3318 1363 3359 1001-
1373 3317 1401 3358 vt·
1411 3318 1439 3358 ¹⁵·

134 3424 203 3488 arpo
228 3399 362 3465 alambra
390 3400 514 3478 otest,
530 3401 655 3485 socium
676 3400 810 3466 membra
831 3402 1022 3467 meretricis?
1066 3402 1140 3468 Non
1165 3404 1205 3468 de
1225 3403 1287 3469 alio

135 3504 270 3592 quodam
287 3502 414 3568 homine
435 3501 568 3589 spiritali
589 3502 696 3568 dicens
717 3504 800 3580 hoec3
823 3525 887 3569 non
907 3503 990 3570 enim
1005 3504 1056 3570 ille
1070 3505 1288 3593 complectitur

183 3748 254 3809 ¹Mt
266 3749 306 3798 οὖν
317 3747 369 3796 καθ’
376 3748 463 3807 ἑαυτὴν
472 3747 540 3810 ψυχὴ
550 3746 687 3809 &Operm
737 3749 792 3811 τρία
816 3751 894 3798 ταῦτα
917 3751 966 3799 τοῖς
996 3752 1084 3799 ἐλπίδα
1107 3751 1227 3811 εἰλικρινῆ,
1247 3753 1288 3800 καὶ

135 3832 185 3891 οὒκ,
195 3831 250 3880 ἀλλ’
257 3832 382 3894 ἀνθρώπου
394 3830 477 3894 ψυχή·
493 3829 527 3888 μὴ
539 3830 578 3877 οὖν
589 3831 688 3877 καλοῖτο
738 3831 819 3880 τίοτιν
833 3831 968 3893 ἀδιάκριτον
984 3833 1009 3880 ἐν
1021 3834 1057 3892 τῷ
1073 3833 1127 3892 θεῷ
1142 3832 1225 3892 ἔχουσι
1242 3850 1287 3882 σιο·

135 3913 205 3970 σῶμα
215 3912 410 3974 ὥθρωτοηοῠκ,
419 3910 474 3959 ἀλλ’
483 3911 608 3971 ἀνθρώπου
617 3911 687 3970 σῶμα
738 3912 847 3971 θήσεται.
882 3911 948 3974 spic.
963 3924 981 3961 1.
998 3926 1050 3978 ¹9²·

135 3995 253 4043 καλεῖται.
281 3993 357 4042 Jnsr.
371 3991 409 4041 M.
422 3991 516 4040 delta.
545 3991 596 4040 Gn.
786 3991 985 4042 'Anadoentm
1015 3994 1285 4055 Gnomitssixwords,

183 4073 196 4106 ¹
211 4075 321 4124 Breviter
328 4080 423 4122 tontum
434 4071 496 4132 dico,
512 4071 632 4120 [renotem
643 4070 686 4120 lit.
734 4074 844 4137 procori.
854 4111 860 4123 .
870 4112 876 4125 .
885 4074 1113 4138 rudimentorum.

135 4153 578 4219 11.cap.5nct6r‚cepmseduos
593 4159 688 4201 tontum
786 4151 869 4213 ‘Det
883 4152 988 4201 omitted
1005 4153 1031 4201 in
1047 4154 1090 4203 tho
1108 4152 1151 4202 On
1166 4153 1216 4202 and
1234 4154 1285 4203 Aa.

134 4239 239 4288 bmaim's
249 4238 379 4288 essentiales
386 4244 470 4302 portes
476 4236 567 4299 facere,
577 4234 688 4283 οοίοοαοο
738 4231 815 4282 MSS.

133 4328 154 4370 tt
165 4336 264 4384 corpvs:
276 4319 480 4369 hicoeroetiathic
488 4317 559 4366 etiam
567 4315 687 4378 smmum
786 4312 797 4343 ⁶
813 4312 865 4362 Aa.
878 4312 953 4362 omits
958 4312 1085 4374 justitiam.

134 4403 231 4464 caldere,
244 4410 360 4465 tanquam
371 4401 528 4464 imperantem
539 4396 644 4447 lemniacis
653 4413 688 4446 rc·
786 4393 797 4424 ⁶
813 4394 843 4443 dc
853 4409 884 4454 ac,
899 4396 980 4443 sothe
992 4395 1051 4445 Cod.
1065 4395 1130 4444 Van.
1144 4395 1194 4444 and
1205 4396 1286 4447 Vnst.

132 4485 240 4548 penetrati
246 4492 350 4547 purtem.
366 4484 468 4532 Galsa.
489 4480 591 4530 Hoalso
599 4483 687 4543 quotes
736 4476 789 4524 Tho
811 4477 862 4527 Aa.
887 4476 933 4525 hos
955 4476 984 4527 dc
1006 4493 1039 4539 eo,
1063 4478 1105 4526 the
1128 4477 1227 4528 Cannu.
1248 4480 1290 4528 cal

135 4568 178 4616 the
194 4566 275 4616 words
292 4565 322 4615 of
335 4565 434 4614 Jusnnt
455 4564 493 4613 Μ.
515 4563 546 4611 de
564 4561 633 4611 Rea:
650 4560 687 4608 Τὰ
737 4573 768 4607 co.

1077 4649 1203 4712 ‘tx-<2
