3000 4994
88 531 142 572 nun.
154 533 180 573 V.

75 625 120 665 OR-
131 625 158 665 V.
169 626 198 665 lx.

76 671 191 757 Μᾶν.

225 345 292 409 342
706 360 801 413 υιυιι
827 361 895 413 nur

223 533 281 578 nos
300 513 467 591 retardare,
491 520 524 578 et
546 511 709 578 ostendere
733 520 895 591 conentur,
915 533 979 577 non
1003 511 1115 578 salvari
1139 511 1378 607 psalmationem

225 617 307 683 Dei:
330 639 394 682 non
408 617 635 702 conspicientes
646 616 721 702 quin
734 623 809 681 sunt
823 616 893 695 tria,
915 638 956 681 ex
978 616 1100 702 quibus,
1117 616 1378 702 quemadmodum

223 720 424 797 ostendimus,
439 720 595 806 perlectus
616 720 710 784 bomo
731 727 865 796 constet,
888 741 981 784 cerne
1001 720 1106 784 anima
1127 727 1160 784 et
1185 719 1318 804 spiritu.
1345 725 1379 785 et

222 824 321 889 nitere
336 824 460 910 quidem
475 825 613 888 salvante
632 832 665 888 et
685 823 850 910 figurante,
865 823 918 910 qui
933 831 982 888 est
998 822 1151 907 Spiritus;
1175 822 1273 887 altero
1295 824 1379 909 quod

223 927 329 991 unitur
339 927 546 1005 et'formntur,
558 927 640 1012 quod
652 935 800 1000 estcnro;
827 927 877 991 1id
888 949 959 991 vero
971 925 1054 1013 quod
1068 925 1149 990 inter
1162 925 1231 990 haec
1241 933 1291 991 est
1305 925 1377 1003 duo,

224 1030 307 1115 quod
322 1037 370 1094 est
383 1029 504 1094 anima:
529 1050 598 1115 qum
613 1028 778 1114 aliquando
790 1028 915 1114 quidem
929 1030 1121 1115 subsequens
1135 1028 1307 1114 ²spiritum,
1316 1029 1378 1094 ele·

224 1141 315 1198 vatur
328 1133 368 1196 nb
382 1154 440 1206 e0;
464 1131 630 1216 aliquando
644 1139 751 1197 nutem
772 1131 969 1197 consentiens
991 1132 1087 1209 cami,
1103 1130 1220 1197 decidit
1233 1130 1266 1194 in
1281 1137 1378 1196 terre-

225 1257 283 1300 nas
298 1234 574 1320 concupiscentius.
607 1235 787 1320 ³Quotquot
801 1256 876 1321 ergo
890 1235 922 1298 id
940 1234 1022 1321 quod
1035 1235 1135 1299 selvat
1149 1243 1182 1299 et
1196 1235 1311 1299 format
1324 1234 1379 1299 ⁴in

225 1341 331 1416 vitam,
348 1339 549 1416 nonhabent,
570 1337 603 1402 bi
625 1345 850 1425 consequenter
867 1347 958 1404 erunt
981 1347 1014 1403 et
1036 1340 1228 1403 vocabuntur
1249 1359 1323 1402 cnro
1344 1345 1378 1402 et

225 1444 373 1532 sanguim
398 1443 510 1529 quippe
525 1442 577 1527 qui
592 1463 655 1506 non
669 1443 786 1507 hebent
801 1442 952 1528 Spiritum
968 1441 1030 1506 Dei
1044 1442 1077 1506 in
1091 1463 1134 1507 se.
1173 1441 1307 1527 Propter
1318 1441 1378 1507 hoc

182 1592 188 1605 ·
224 1557 331 1613 nutem
353 1555 386 1612 et
410 1547 523 1611 mortui
544 1546 624 1611 tales
639 1545 715 1611 dicti
730 1553 805 1610 sunt
818 1567 839 1610 ο
855 1545 1010 1610 Domino:
1035 1546 1137 1610 Sinite
1151 1546 1241 1622 onim,
1264 1544 1376 1632 inquit,

224 1664 354 1718 υιοιυυοο
367 1652 494 1739 sepelire
508 1661 638 1716 mortuos
658 1672 742 1725 suom
765 1650 912 1737 quoniam
933 1673 996 1714 non
1017 1651 1134 1716 habent
1154 1649 1303 1736 Spiritum
1325 1650 1378 1737 qui

224 1755 360 1820 vivificet
373 1754 541 1818 hominem.
586 1753 746 1838 Quotquot
759 1761 865 1818 autem
879 1752 993 1817 timent
1007 1753 1122 1829 Deum,
1147 1759 1180 1816 et
1199 1751 1330 1817 creduut
1345 1751 1378 1815 in

224 1856 392 1922 adventum
417 1855 490 1919 Filii
515 1857 593 1940 ejus,
614 1864 646 1920 et
671 1856 840 1941 perfidem
863 1855 1058 1921 constituunt
1084 1855 1116 1919 in
1142 1855 1287 1920 cordibus
1312 1853 1378 1919 suis

227 1957 379 2044 Spiritum
397 1957 469 2036 Dei,
484 1954 517 2021 hi
532 1957 611 2022 tales
625 1960 725 2044 ⁶juste
738 1956 881 2022 homines
895 1958 1047 2036 dicentur,
1069 1966 1102 2023 et
1119 1958 1227 2022 mundi
1242 1965 1275 2023 et
1288 1957 1378 2043 spiri·

226 2061 305 2126 tales
316 2067 349 2125 et
363 2060 501 2125 viventes
516 2060 597 2136 Deo,
619 2060 691 2146 quia
705 2059 822 2124 habeut
843 2060 993 2147 Spiritum
1015 2060 1129 2139 Patris,
1153 2059 1206 2147 qui
1228 2061 1379 2126 emundet

226 2165 395 2241 hominem,
411 2171 443 2229 et
458 2162 598 2228 sublevat
612 2164 645 2227 in
659 2162 756 2227 vitam
771 2163 844 2230 Dei.

184 2320 190 2333 .
292 2270 323 2333 2.
362 2266 451 2332 Sicut
466 2265 550 2330 enim
571 2285 644 2329 coro
665 2265 801 2346 infirmo,
816 2264 863 2329 sic
883 2264 1013 2351 spiritus
1031 2273 1192 2351 promptus
1205 2284 1226 2328 n
1241 2263 1378 2330 Domino

225 2369 440 2437 testimonium
464 2368 595 2455 accepit.
649 2367 714 2433 Hic
739 2375 789 2432 est
815 2375 926 2454 potens
952 2367 1099 2451 perficere
1126 2388 1319 2454 qusecunque
1344 2369 1378 2433 in

225 2481 370 2561 promptu
395 2473 500 2538 hebet.
546 2472 580 2538 si
610 2472 707 2560 igitur
734 2473 811 2538 ⁶hoc
839 2473 922 2558 quod
948 2479 997 2536 est
1023 2479 1201 2558 promptum
1231 2471 1376 2559 Spiritus,

224 2578 396 2642 admiscent
419 2576 532 2662 aliquis
556 2575 639 2641 velut
664 2575 825 2641 stimulum
846 2575 1019 2639 infirmitati
1043 2575 1155 2652 cerum,
1175 2596 1302 2640 necesse
1328 2583 1378 2641 est

224 2681 412 2759 omnimodo,
424 2687 460 2745 ut
474 2680 506 2745 id
522 2680 604 2765 quod
616 2686 665 2744 est
678 2680 758 2744 forte
771 2687 896 2765 superet
916 2678 1083 2757 infirmum,
1099 2678 1144 2742 ite
1158 2687 1194 2742 ut
1212 2679 1376 2744 absorbea-

224 2789 277 2847 tur
296 2781 462 2847 infirmitas
482 2782 585 2848 curnis
603 2801 623 2845 n
640 2781 822 2847 fortitudine
846 2779 999 2867 Spiritus:
1023 2787 1056 2846 et
1079 2801 1148 2847 esse
1170 2802 1243 2846 eum
1258 2780 1312 2866 qui
1332 2781 1377 2846 sit

224 3022 324 3085 integri,
332 3021 383 3069 As.
393 3021 581 3070 enimetMnnu.
588 3032 618 3070 11.
623 3020 776 3079 dcsuutille3
825 3021 902 3070 tothe
909 3021 1081 3084 Apollinarien
1091 3020 1221 3069 confusion
1230 3021 1258 3070 ol
1263 3027 1314 3071 two
1322 3023 1379 3071 sub

224 3102 533 3165 apwdnosretardarc.
568 3101 777 3150 locoveroista
825 3106 922 3151 stences
939 3103 965 3150 in
982 3102 1073 3153 Christ.
1110 3103 1162 3151 The
1178 3104 1332 3167 expressions
1353 3106 1383 3154 of

224 3185 349 3234 duntaxat
358 3199 365 3243 ;
381 3189 402 3231 et
419 3198 462 3231 nos
479 3182 613 3232 mordere.
648 3183 680 3231 In
692 3182 773 3233 voss.
826 3184 915 3233 Puero
931 3185 958 3233 in
975 3185 1014 3233 his
1030 3184 1191 3250 psychology,
1204 3201 1246 3234 are
1262 3202 1294 3234 an
1306 3191 1380 3236 exact

225 3267 338 3329 denique,
349 3264 500 3313 accendere.
514 3264 601 3314 Mnss.
616 3265 712 3313 Gnnnn
720 3265 776 3313 mis·
825 3271 986 3331 countorpnrt
994 3267 1023 3315 of
1030 3267 1081 3315 this
1088 3266 1200 3316 heretic‘s
1211 3268 1344 3316 asertions
1353 3268 1379 3316 in

225 3347 265 3396 led
273 3348 332 3396 hirn.
350 3347 461 3396 menn.
470 3347 610 3408 hnsetquoe,
620 3347 663 3396 lto.
683 3346 727 3395 Gn.
738 3346 778 3395 for
825 3347 951 3412 theology,
968 3363 1013 3410 ep.
1026 3348 1069 3396 the
1083 3351 1155 3411 great
1168 3352 1262 3395 mester
1272 3363 1337 3411 says,
1351 3349 1379 3397 in

224 3444 253 3478 a
263 3444 309 3490 quc
319 3429 364 3476 hus
375 3434 395 3476 ct
408 3443 447 3490 uu,
462 3427 511 3475 end
519 3428 563 3476 the
572 3428 669 3491 margin
681 3428 776 3476 hasthc
826 3428 869 3477 the
881 3428 993 3489 Timoeus,
1014 3431 1057 3488 τῆς
1069 3429 1197 3490 ἀμερίστου
1211 3429 1251 3476 καὶ
1264 3429 1301 3477 dcl
1315 3431 1379 3478 κατὰ

224 3509 304 3559 words
311 3509 512 3571 οἰοίουροέοιμιη,
523 3509 619 3558 nndcui
627 3509 774 3572 augelorum,
825 3511 905 3559 ταύτὰ
916 3512 1018 3571 ἐχούσης
1029 3511 1109 3559 οὐσίας
1121 3511 1161 3558 καὶ
1173 3512 1215 3569 τῆς
1229 3507 1261 3558 οὔ
1275 3511 1329 3572 περὶ
1346 3513 1379 3560 τὰ

224 3592 250 3641 ἱιι
265 3609 281 3640 ο
298 3591 386 3655 highly
401 3592 508 3652 ancient,
523 3591 546 3639 if
554 3596 600 3639 not
614 3591 640 3640 in
656 3592 699 3640 tho
710 3596 777 3640 uan-
826 3593 929 3651 σώματα
952 3593 1094 3654 γιγνομένης
1115 3594 1230 3654 μεριστῆς
1250 3593 1331 3654 τρίτον
1353 3595 1379 3653 ἐξ

223 3675 334 3725 seriber's
345 3675 530 3738 hondwriting3
553 3674 598 3723 has
616 3673 720 3723 concitus
734 3689 777 3721 on·
826 3674 915 3735 ἀμφοῖν
926 3674 1297 3735 ένμέσῳξυυοκεράσατοούσέοι
1309 3675 1376 3734 εἶδος,

221 3757 330 3820 prbrum
341 3756 415 3804 lnllen
427 3762 472 3805 out
483 3757 511 3805 of
520 3756 564 3804 the
574 3757 645 3805 textl
667 3754 777 3819 possibly
825 3757 869 3815 τῆς
884 3773 913 3803 τε
929 3757 1019 3804 ταύτοῦ
1036 3758 1130 3816 φύσεως
1147 3752 1180 3803 ud
1201 3757 1255 3817 περὶ
1273 3757 1313 3804 καὶ
1335 3758 1379 3816 τῆς

224 3838 289 3886 from
298 3838 382 3886 heloro
389 3837 581 3898 plccmctionem.
826 3838 935 3899 θατέρου,
956 3838 996 3886 καὶ
1014 3838 1078 3886 κατὰ
1095 3838 1174 3885 τοῦτο’
1193 3837 1337 3896 ξυνέστησεν
1353 3839 1379 3886 έν

273 3920 283 3950 ²
300 3920 353 3968 The
369 3919 423 3968 soul
440 3920 468 3967 of
481 3919 523 3967 thc
540 3916 624 3977 world,
644 3916 777 3979 according
824 3920 891 3980 μέσῳ
906 3921 988 3967 τοῦτο
1003 3920 1102 3980 ἀμέρους
1118 3919 1247 3967 αὐτῶνκαὶ
1258 3919 1302 3967 τοῦ
1313 3920 1378 3968 κατὰ

223 4004 251 4049 to
261 4000 305 4048 the
316 4000 430 4048 Pletonic
441 3999 537 4063 theory,
551 3996 682 4061 composcd
693 3997 722 4045 of
733 3997 776 4044 the
825 4000 970 4057 τὰσώματα
981 4000 1101 4060 μεριστοῦ.
1136 4014 1160 4061 p.
1175 4008 1205 4062 35
1219 4011 1245 4047 Δ.

224 4082 307 4130 divino
320 4082 447 4145 principle,
466 4083 560 4140 τοῦτον,
577 4080 627 4128 and
641 4081 685 4129 the
697 4085 775 4127 metc-
873 4077 885 4110 ¹
901 4080 952 4127 ΑΒ.
965 4079 1039 4127 omits
1050 4078 1168 4141 spiritum.

224 4163 277 4223 rial,
304 4163 408 4224 θάτερον,
429 4163 518 4226 evenly
533 4161 659 4220 balanced,
681 4177 731 4209 was
748 4176 775 4209 ns
873 4160 1018 4222 'quotquot
1034 4160 1077 4209 Gn.
1091 4160 1164 4222 quod.

223 4245 535 4309 thcprototypnlformol
545 4245 588 4293 the
606 4241 772 4301 humensoul,
872 4241 1091 4301 ‘innilnm,An.;
1106 4242 1138 4291 nl.
1153 4242 1307 4292 etunitctcm.
1338 4244 1377 4293 ef.

223 4326 304 4374 which
316 4344 366 4375 was
382 4327 501 4391 similarly
512 4326 652 4390 composed.
687 4326 713 4373 It
724 4340 774 4373 wne
823 4324 880 4374 infr.
889 4324 1008 4386 Spiritum
1020 4323 1061 4387 qui
1071 4324 1171 4385 cdviticnt
1183 4323 1237 4386 (Cn.
1250 4324 1365 4388 vivificet).

222 4407 267 4456 the
278 4407 392 4456 Platonic
406 4409 534 4457 confusion
549 4408 577 4456 of
591 4408 634 4457 the
651 4412 701 4456 two
719 4407 774 4454 sub·
873 4406 884 4437 ⁵
901 4408 922 4455 ol
938 4407 1042 4454 τοιοῦτοι
1062 4407 1155 4455 δικοέωι
1170 4406 1291 4467 ἅνθρωποι
1307 4407 1379 4468 ρηΘὴ

223 4494 319 4537 stannus
331 4489 356 4536 in
368 4506 415 4538 one
426 4490 509 4538 mixed
519 4490 652 4538 substance
663 4505 691 4536 or
705 4489 775 4537 οὐσέο
823 4505 914 4547 corrue,
929 4489 1028 4549 καθαροί
1038 4505 1067 4535 τε
1078 4489 1239 4548 πνευματικοί,
1253 4491 1329 4538 mh.

222 4571 279 4619 thnt
289 4586 357 4619 more
369 4572 430 4620 then
447 4571 571 4635 anything
587 4571 635 4620 else
652 4586 715 4634 guvc
726 4571 774 4619 riso
873 4568 884 4601 ⁸
900 4571 928 4618 τὸ
940 4570 1061 4632 πρόθυμον
1071 4571 1115 4619 τοῦ
1125 4572 1267 4629 πνεύματος.
