3000 4994
257 355 323 422 354
587 371 752 426 sarano
778 372 930 427 AEGRUM
956 370 1083 425 CURAT

98 527 154 570 ΜΒ·
163 527 191 569 V·
200 528 237 569 ¹¹¹·
254 524 314 590 hoc
328 531 387 603 eat,
405 523 534 609 antiqua
547 523 649 590 carnis
663 522 848 604 substantia,
868 523 935 609 ipse
949 523 982 587 in
1004 526 1061 588 lea
1074 521 1205 608 epistola
1221 542 1291 607 quae
1305 528 1354 586 est
1368 520 1411 585 ad

103 620 185 660 w
193 620 232 661 *ὑ
257 626 387 692 Galatas
408 626 506 692 dixit.
535 626 612 692 Oum
633 636 735 693 autom
749 627 875 713 placuit
895 627 971 705 Deo,
994 627 1048 712 qui
1068 647 1115 690 mo
1135 647 1172 689 eo
1194 635 1278 689 utero
1298 624 1412 688 matria

93 752 330 799 *owse
342 730 515 816 seprcpuoit,
531 739 560 796 ot
573 730 691 794 uocauit
700 750 762 815 por
775 730 913 848 pretium
926 751 1021 802 auant,
1037 729 1172 793 revelare
1185 727 1308 792 Filium
1321 748 1409 790 ouum

256 834 291 898 iu
310 855 366 912 mc,
388 844 423 899 ut
441 834 674 920 magaliaamm
688 854 755 897 eum
768 833 804 898 ic
814 831 970 919 pentiduar
995 854 1058 897 non
1071 832 1151 897 alius
1165 838 1232 896 erat
1247 829 1300 915 qui
1315 837 1410 893 natus

255 936 408 1003 lueratex
419 946 518 1014 utero,
533 936 616 1002 sicut
624 935 837 1022 praedrxrmus
849 944 882 1000 et
892 935 971 1000 abus
982 957 1034 1022 qur
1025 934 1278 1021 evangelisabat
1291 932 1409 997 Filium

256 1038 335 1105 Dei:
358 1041 414 1106 sed
428 1040 511 1106 idem
525 1039 576 1105 ille
586 1061 639 1126 qm
630 1038 725 1103 ante
735 1038 909 1125 ignorabat,
924 1047 956 1103 et
970 1038 1210 1125 persequebatur
1223 1034 1408 1112 Ecclesim

255 1143 443 1209 revelatione
467 1144 496 1208 ei
523 1143 562 1208 de
587 1141 667 1208 coelo
692 1141 786 1218 lacta,
812 1149 845 1207 et
871 1140 1065 1226 colloquente
1090 1162 1162 1205 cum
1191 1161 1228 1205 eo
1258 1138 1407 1216 Domino,

94 1320 121 1349 u
137 1275 190 1304 .ι.
255 1245 515 1331 quemadmodum
537 1245 570 1309 in
593 1243 688 1310 tertio
710 1243 789 1308 libro
812 1242 1014 1320 ostendimus,
1038 1241 1267 1329 evangelisabat
1290 1239 1408 1304 Filium

123 1337 130 1350 ⁹
255 1348 317 1414 Dei
333 1347 490 1413 Christum
505 1347 528 1411 J
530 1369 628 1425 esum,
649 1345 702 1433 qui
721 1347 780 1412 sub
800 1346 917 1411 Pontio
939 1346 1044 1411 Pilato
1063 1345 1230 1410 crucifixus
1249 1351 1308 1420 eat,
1328 1363 1408 1427 prae·

253 1449 348 1516 terita
373 1449 551 1537 ignorantia
579 1448 787 1514 exterminata
812 1469 833 1513 a
857 1447 1028 1535 posteriore
1052 1446 1227 1534 agnitione:
1261 1444 1409 1532 quemad·

253 1555 381 1619 modum
395 1552 480 1633 caeci,
496 1574 575 1638 quoe
588 1552 707 1618 curavit
722 1551 887 1630 Dominus,
902 1552 1077 1617 caecitatem
1088 1551 1212 1636 quidem
1226 1548 1408 1627 amiserunt,

252 1656 422 1742 perlectam
450 1664 557 1721 autem
584 1663 768 1740 receperunt
791 1653 998 1720 substantiam
1023 1653 1191 1730 oculorum,
1221 1660 1254 1717 et
1279 1651 1408 1716 ²iisdem

253 1757 331 1844 ipsis
350 1757 463 1843 quibus
483 1765 557 1823 ante
576 1778 639 1821 non
654 1756 801 1823 videbant
821 1757 930 1835 oculis,
948 1756 1140 1843 recipiebant
1154 1755 1311 1832 visionem,
1334 1752 1407 1820 cali·

252 1861 326 1948 gine
340 1882 361 1926 a
373 1860 491 1925 visione
511 1867 633 1925 tantum
650 1859 866 1937 exterminata,
887 1868 1009 1925 servata
1025 1868 1131 1925 autem
1144 1858 1320 1924 substantia
1334 1879 1408 1923 ocu-

252 1961 369 2037 lorum;
391 1969 428 2026 ut
446 1982 503 2047 per
517 1982 595 2047 quos
616 1982 680 2026 non
693 1961 835 2027 viderant
849 1962 964 2040 oculos,
985 1984 1040 2048 per
1059 1983 1114 2027 eos
1132 1982 1238 2027 rursus
1255 1960 1406 2038 videntes,

252 2063 372 2151 gratias
396 2071 526 2150 egerent
551 2061 592 2142 ei,
617 2062 671 2150 qui
695 2085 803 2129 rursus
828 2063 928 2129 visum
953 2062 999 2128 eis
1028 2061 1264 2150 redintegravit:
1296 2068 1330 2127 et
1352 2060 1407 2147 qui

123 2193 163 2223 αν
252 2165 372 2231 aridam
391 2163 528 2230 ³curavit
543 2186 679 2243 manum,
697 2174 730 2231 et
753 2187 861 2232 omnes
884 2165 1010 2231 omnino
1030 2188 1108 2253 quos
1130 2165 1259 2241 curavit,
1283 2185 1346 2228 non
1368 2185 1408 2228 ea

252 2291 322 2357 quae
343 2270 385 2335 ab
405 2268 495 2333 initio
520 2289 561 2333 ex
584 2274 673 2333 utero
695 2267 779 2334 edita
800 2269 923 2334 fueraut
945 2270 1084 2334 membra
1105 2274 1318 2343 mutaverunt;
1350 2265 1407 2331 sed

251 2372 361 2438 eadem
375 2371 444 2457 ipsa
457 2371 543 2437 salva
556 2371 758 2456 recipiebant.

317 2478 349 2540 5.
390 2473 575 2539 Fabricator
603 2473 687 2540 enim
716 2472 929 2540 universorum
960 2474 1021 2540 Dei
1046 2473 1199 2552 Verbum,
1229 2473 1282 2559 qui
1307 2480 1340 2539 et
1365 2474 1407 2539 ab

251 2577 340 2643 initio
354 2575 518 2663 plasmavit
534 2575 702 2655 hominem,
716 2598 737 2642 a
752 2576 871 2642 malitia
886 2577 1046 2643 inveniens
1060 2578 1299 2643 ⁴label'actatum
1314 2599 1407 2642 suum

251 2679 372 2767 plasma
386 2679 470 2744 omni
492 2679 584 2745 modo
598 2680 732 2746 curavit:
755 2679 816 2745 hoc
831 2680 955 2765 quidem
975 2689 1009 2746 et
1026 2680 1197 2746 secundum
1212 2681 1406 2766 unumquod-

252 2803 313 2867 que
327 2782 511 2860 membrum,
525 2781 607 2847 sicut
616 2789 649 2848 et
660 2781 693 2845 in
703 2802 760 2846 suo
774 2781 926 2867 plasmate
935 2790 999 2859 est;
1025 2783 1085 2848 hoc
1098 2791 1204 2848 autem
1219 2791 1252 2848 et
1266 2783 1299 2847 in
1310 2783 1406 2848 semel

251 2890 353 2948 totum
373 2904 483 2948 sanum
498 2891 531 2948 et
545 2882 702 2970 integrum
721 2883 942 2972 redintegravit
956 2883 1124 2962 hominem,
1144 2885 1317 2970 perlectum
1333 2906 1407 2949 eum

250 2985 310 3050 sibi
324 3006 502 3071 praeparans
515 2984 556 3049 ad
570 2984 837 3050 resurrectionem.
880 2986 922 3050 Et
942 2991 1053 3074 ⁵quam
1067 2985 1151 3051 enim
1165 3008 1292 3052 oausam
1310 2985 1407 3052 habe-

249 3087 305 3152 bat
320 3087 422 3152 camis
436 3088 575 3153 membra
588 3080 707 3167 curare,
728 3096 761 3154 et
774 3088 938 3155 restituere
958 3090 991 3155 in
1005 3089 1170 3176 pristinum
1184 3090 1405 3169 characterem,

251 3190 278 3256 si
301 3211 365 3255 non
387 3190 564 3256 vmbebmt
586 3191 708 3270 salvari,
731 3214 801 3279 qum
820 3194 861 3259 ab
883 3193 936 3259 illo
953 3202 1063 3260 curata
1083 3195 1221 3260 fuerant?
1266 3194 1300 3259 Si
1322 3193 1406 3260 enim

251 3292 430 3379 temporalis
444 3301 512 3358 erat
531 3294 572 3358 ab
587 3316 624 3359 eo
639 3295 768 3374 utilitas,
789 3295 866 3359 nihil
883 3297 1002 3383 grande
1016 3297 1165 3381 praestitit
1180 3295 1230 3361 his
1244 3296 1297 3382 qui
1312 3298 1353 3362 ab
1367 3318 1406 3362 eo

251 3393 351 3460 curati
365 3401 449 3460 suut.
486 3395 557 3461 Aut
568 3397 722 3483 quomodo
736 3398 863 3464 ⁶dicunt
876 3421 939 3464 non
953 3421 1023 3465 esse
1037 3421 1181 3486 capacem
1196 3421 1321 3465 carnem
1333 3400 1406 3466 vitae
1419 3420 1445 3461 o.
1454 3422 1495 3462 ua

252 3519 321 3584 quae
342 3506 391 3563 est
410 3499 519 3578 abeo,
539 3521 610 3584 quse
629 3502 768 3587 percepit
787 3501 980 3568 curationem
996 3504 1038 3568 ab
1057 3505 1115 3568 eol
1160 3503 1239 3568 Vita
1253 3502 1336 3568 enim
1350 3527 1407 3590 per

251 3599 453 3679 curationem,
476 3599 685 3687 incorruptela
706 3613 813 3670 autem
835 3627 891 3692 per
914 3606 1011 3671 vitam
1035 3605 1177 3672 efficitur.
1222 3606 1284 3687 Qui
1310 3606 1407 3693 igitur

252 3703 444 3769 curationem
462 3704 592 3786 confert,
612 3705 664 3772 hie
678 3714 712 3773 et
725 3708 836 3774 vitam:
859 3715 893 3774 et
912 3709 965 3796 qui
980 3709 1087 3789 vitam,
1108 3708 1159 3774 hio
1177 3716 1211 3775 et
1230 3708 1407 3796 ⁷inoorrup-

251 3805 346 3872 telam
360 3806 532 3875 circumdat
546 3807 690 3894 plasmati
705 3832 770 3876 suo.

791 3940 809 3965 Ο

299 3988 310 4021 ¹
326 4005 363 4050 αι,
377 3989 487 4052 Ourna,
498 3990 589 4052 Voss,
598 3991 665 4042 Vm.
852 3992 902 4042 and
914 3993 1030 4042 Βιιιιιιιιιι
1042 3992 1220 4056 wammam,
1234 3994 1315 4042 which
1327 3994 1341 4042 I
1352 3994 1406 4043 find

300 4068 420 4131 ’iisdem
430 4070 541 4131 Cum,
549 4072 664 4134 butAa„
674 4073 762 4122 Maso.
771 4085 802 4122 11.
851 4073 878 4122 in
895 4074 938 4123 tho
954 4075 1005 4123 Aa.
1040 4073 1232 4123 Itistherelore
1242 4075 1361 4123 retained.

250 4150 314 4198 have
324 4148 408 4207 idem
424 4150 505 4200 Voss.
517 4150 607 4207 lidum
623 4151 654 4201 cf.
669 4151 747 4214 iufra,
764 4167 802 4202 ca·
900 4153 911 4186 ⁸
928 4155 959 4202 Ill
972 4157 1003 4204 εἰς
1018 4156 1092 4214 μηδὲν
1108 4156 1194 4216 ἔχρῃζε
1205 4157 1248 4215 τῆς
1264 4158 1358 4218 σαρκὸς,
1380 4156 1406 4204 τί

250 4229 387 4292 dentpro.
851 4235 892 4285 nat
914 4237 1030 4297 ἐθεπευρό
984 4253 1072 4285 rever
1091 4238 1172 4295 ιμῠτήν
1207 4237 1282 4286 Jusr
1309 4236 1348 4287 M.
1373 4236 1406 4286 da

299 4309 341 4362 'd
365 4312 409 4372 τὴν
436 4313 509 4375 ξηρὰν
533 4314 664 4362 latetis
633 4315 712 4376 χεῖρα,
735 4330 802 4363 oure
848 4315 921 4372 Ιὺη
915 4316 1222 4381 ·Gmnn,sptc..1.190

250 4400 295 4442 tur.
899 4395 940 4446 ⁰0
941 4399 1049 4458 ὑκεενῐχ
1059 4399 1165 4457 σωθῆναι
1179 4397 1404 4448 rauscerat-ta

299 4473 476 4537 ⁴,ladcsactum
492 4491 520 4524 aa
534 4475 634 4539 printed
650 4477 684 4541 by
698 4476 800 4538 (lma,
851 4480 907 4529 θένπ
891 4497 930 4530 ra.
964 4480 1225 4530 dwurttomittedAn.

249 4554 614 4608 issoundataointhocnrnu.
624 4558 682 4608 MS.
713 4558 800 4608 Mass.
900 4560 1218 4611 ⁷Thetextomearis
1227 4561 1350 4623 followed,
1364 4562 1406 4611 be·
