3000 4994
513 333 581 395 om
607 334 749 387 ouunos
775 333 894 388 onom.
1204 317 1270 388 367

115 509 291 552 memorans
313 491 401 552 ¹eum
424 509 518 574 opera
539 510 605 567 sua,
629 489 793 575 inquibus
813 488 1272 576 degensabsoonditusluerat
1311 506 1407 592 liff-

116 589 264 657 Domino.
310 591 576 673 Quemadmodum
597 593 852 658 ²enin1tuncad
874 593 979 658 Adam
999 614 1129 679 vespere
1149 592 1272 659 locutus
1292 580 1426 685 24¹2&ss

115 701 164 758 est
181 693 348 778 exquirens
366 693 452 758 illum
471 693 573 769 Deus;
601 695 664 760 ²sio
683 695 715 759 in
735 696 909 761 novissimis
925 696 1116 782 temporibus
1130 717 1185 783 per
1199 716 1272 760 ean-
1326 702 1361 730 ¹l·
1371 693 1391 731 ⁴·

115 796 187 860 dem
201 818 308 861 vocem
323 797 457 863 visitavit
472 797 636 884 exquirens
649 820 749 886 genus
763 801 842 887 ejus.

579 1180 680 1246 OAP.
705 1179 806 1246 XVI.

119 1359 212 1434 Cum
234 1360 274 1434 ia
291 1372 431 1434 terram
454 1384 611 1458 corporo
633 1371 758 1432 nostro
781 1370 1018 1450 revertantur,
1042 1357 1204 1457 sequitur
1225 1385 1269 1434 oo

192 1476 277 1552 inde
289 1476 528 1552 substantiam
546 1476 699 1551 babere:
725 1475 811 1550 item
836 1476 945 1551 Verbi
960 1474 1115 1552 adereat-u
1133 1477 1270 1551 clulius

190 1594 231 1669 io
248 1595 350 1670 nobis
366 1595 489 1693 imopo
506 1594 583 1669 Dei
600 1593 791 1693 apparuit.
892 1668 894 1673 .

117 1787 146 1849 1.
170 1783 221 1848 En
247 1785 393 1871 quoniam
417 1807 456 1849 ex
478 1784 537 1849 bac
559 1806 629 1870 quae
651 1784 821 1848 secundum
843 1807 901 1850 nos
922 1793 971 1850 est
992 1793 1083 1864 terra,
1105 1786 1269 1872 plasmatio

114 1887 174 1952 tuit
188 1887 281 1964 Adae,
299 1888 459 1975 Scriptura
476 1887 551 1952 dicit
567 1888 684 1953 dixisse
703 1887 808 1951 Deum
825 1888 887 1952 ³ei:
912 1889 955 1952 Ia
974 1890 1083 1954 sudore
1102 1890 1202 1954 osthus
1223 1892 1271 1955 tui
1282 1914 1410 1955 omniu.

114 1991 315 2056 manducabis
322 2014 438 2078 ponem
453 2001 548 2068 tuam,
564 1992 757 2078 quoadusquo
771 1992 956 2057 corroertoris
970 1993 1005 2055 ia
1017 2001 1142 2070 terram,
1158 2015 1194 2057 ss
1208 2016 1269 2080 qao

114 2104 229 2159 sumtus
244 2117 281 2160 es.
330 2094 365 2159 si
385 2094 481 2181 igitur
495 2094 527 2158 in
548 2094 683 2180 aliquam
706 2093 836 2159 alteram
857 2103 971 2159 terram
986 2104 1180 2160 revertuntur
1198 2105 1271 2182 post

114 2206 247 2261 mortem
262 2218 392 2283 corpora
405 2205 522 2273 nostra,
538 2218 730 2282 consequens
744 2203 793 2260 est
808 2218 846 2261 ea
859 2195 931 2260 inde
946 2204 978 2261 et
992 2198 1199 2262 substantiam
1215 2198 1269 2263 ha-

114 2300 197 2366 bere.
243 2300 277 2365 Si
298 2323 369 2365 vero
384 2299 417 2363 in
430 2300 511 2364 hanc
531 2300 640 2386 ipsam,
658 2299 856 2363 manifestum
871 2307 929 2376 est,
946 2301 1137 2385 quoniamst
1156 2323 1195 2365 ex
1210 2301 1269 2367 hau

114 2402 249 2488 ³plasma
270 2402 315 2468 eis
333 2403 451 2467 factum
471 2411 533 2478 est;
558 2401 712 2488 quomodo
734 2409 766 2466 et
790 2400 945 2465 Dominus
964 2401 1038 2466 iecit
1059 2403 1268 2481 manifestum,

114 2527 154 2569 ex
168 2507 244 2571 ³hao
265 2506 373 2571 eadem
392 2505 496 2570 oeulos
510 2505 538 2570 ei
554 2504 702 2568 formans.
748 2504 793 2568 Et
807 2526 900 2567 manu
920 2504 1025 2591 itaque
1044 2527 1115 2570 vere
1134 2505 1269 2591 ⁴liquido

114 2618 240 2674 ostensa
255 2609 327 2687 Dei,
342 2632 397 2696 per
417 2632 511 2695 quam
526 2608 696 2695 plasmatus
710 2617 758 2672 est
774 2607 898 2692 quidem
920 2607 1036 2684 Adam,
1057 2608 1200 2694 plasmati
1214 2631 1269 2675 au·

115 2722 179 2778 tem
194 2735 301 2777 sumus
321 2721 353 2777 et
373 2735 450 2787 n0s;
474 2722 507 2778 et
525 2710 653 2777 sumsit
672 2733 753 2775 unus
767 2719 800 2775 et
820 2711 902 2776 idem
924 2712 1030 2790 Pater,
1050 2715 1139 2801 cujus
1153 2736 1214 2779 vox
1228 2717 1269 2781 ab

116 2816 205 2881 initio
227 2838 323 2903 usque
337 2817 378 2881 ad
392 2816 486 2881 finem
501 2815 590 2880 adest
610 2814 754 2901 plasmati
772 2835 847 2890 suo;
871 2823 903 2879 et
921 2816 1096 2880 substantia
1108 2817 1270 2903 plasmatis

115 2920 213 2985 nostri
236 2943 291 3007 per
310 2919 515 3008 Evangelium
534 2926 678 2984 ⁵ostensa
697 2927 745 2983 est
767 2918 948 2984 manifeste:
972 2922 1039 3007 Jam
1064 2942 1125 2984 non
1143 2931 1268 3008 oportet

115 3046 251 3108 quaerere
273 3024 369 3088 alium
396 3023 524 3088 Patrem
546 3030 660 3109 praeter
687 3020 790 3097 buoo;
821 3044 922 3109 neque
946 3023 1040 3087 aliam
1060 3025 1268 3090 substantiam

114 3127 327 3213 plasmationis
353 3134 476 3199 nostrae,
499 3135 612 3212 praeter
632 3125 813 3212 praedictam
840 3133 872 3190 et
894 3134 1051 3191 ostensam
1072 3150 1093 3192 a
1112 3128 1266 3205 Domino;
1370 3132 1374 3143 “

116 3253 216 3317 neque
235 3231 364 3296 alteram
379 3252 507 3295 manum
521 3230 584 3296 Dei
603 3238 716 3316 praeter
736 3230 827 3307 hanc,
844 3251 913 3315 quae
933 3230 973 3294 ab
989 3229 1077 3294 initio
1096 3254 1194 3319 usque
1208 3234 1267 3298 8ad

116 3334 209 3399 finem
232 3335 346 3398 lormat
360 3356 427 3411 nos,
443 3342 476 3398 et
496 3342 624 3419 coaptat
642 3333 674 3396 in
694 3333 800 3410 vitam,
822 3342 854 3398 et
873 3334 963 3398 adest
982 3334 1126 3419 plasmati
1146 3359 1213 3414 suo,
1235 3349 1268 3405 et

115 3436 235 3520 perficit
257 3435 332 3499 illud
357 3435 526 3500 secundum
556 3435 722 3522 imaginem
744 3445 776 3501 et
801 3437 1033 3502 similitudinem
1056 3439 1128 3505 Dei.
1179 3440 1267 3507 Tune

115 3546 222 3601 autem
236 3539 295 3602 hoe
312 3537 453 3602 Verbum
473 3547 632 3603 ostensum
646 3548 705 3616 est,
723 3541 846 3625 quando
864 3541 957 3605 homo
973 3541 1115 3606 Verbum
1131 3544 1192 3608 Dei
1206 3546 1269 3609 fao·

116 3649 260 3721 tumeat,
283 3642 482 3727 semetipsum
500 3642 626 3721 homini,
651 3650 683 3706 et
704 3642 861 3707 hominem
879 3643 1062 3728 sibimetipsi
1083 3645 1267 3725 assimilans,

116 3752 151 3809 ut
165 3767 220 3830 per
235 3766 304 3810 eam
322 3766 391 3832 quae
410 3752 459 3809 est
478 3744 519 3808 ad
538 3743 654 3808 Filium
668 3743 910 3823 similitudinem,
932 3745 1086 3830 pretiosus
1104 3746 1197 3812 homo
1211 3749 1268 3815 fiat

165 3986 469 4047 ¹eum,cusmr.,voss.,
482 3985 665 4047 insonum
717 3986 806 4034 fusion.
840 3985 893 4033 The
904 3983 1006 4046 reading
1017 3983 1130 4034 followed
1144 3985 1231 4036 istbat
1242 3989 1272 4037 of

117 4072 301 4129 ἀναμιμνήσκων
313 4070 385 4117 αὐτὸν
396 4070 428 4117 τὰ
440 4070 508 4130 ἔργα.
716 4066 760 4114 the
775 4066 886 4124 Cusum,
902 4063 992 4124 Voss,
1008 4064 1110 4125 Gaius,
1129 4066 1266 4127 Missum,

165 4151 176 4182 ¹
192 4151 257 4200 enim
273 4159 288 4199 t.
302 4167 325 4200 α.
344 4152 377 4200 Δ.
394 4150 500 4199 omitted
515 4150 596 4198 iotha
612 4150 665 4199 As.
718 4146 841 4206 mmsis,
852 4145 924 4194 while
935 4146 1034 4194 theAa.
1047 4146 1093 4195 hss
1100 4147 1268 4211 scuposam

115 4235 148 4283 sio
159 4235 192 4294 ia,
207 4234 296 4294 MSS„
310 4233 359 4282 Ga.
372 4234 502 4282 insertur.
718 4229 806 4277 Maso.
819 4240 848 4276 11.
862 4227 956 4289 reliquo
969 4228 1005 4276 vel
1011 4248 1023 4285 ;
1038 4228 1103 4278 Fau,
1116 4230 1268 4293 rstipsossre

166 4315 176 4347 ³
189 4316 239 4365 AB.
249 4323 277 4365 st.
297 4315 341 4363 GL.
349 4315 457 4377 pluma,
467 4315 517 4362 Aa.
525 4311 665 4376 ptisanario,
717 4309 860 4372 aliquando.

115 4398 196 4446 wbich
208 4398 260 4446 also
271 4397 346 4460 drops
357 4396 411 4445 ltus.
765 4392 777 4423 ⁶
793 4393 843 4441 Aa.
857 4391 985 4440 ostenderas.

164 4477 294 4542 *liquida
310 4479 402 4538 σαφῶς,
417 4491 469 4525 vers
485 4475 561 4538 being
575 4489 591 4522 a
604 4488 667 4521 mar·
765 4471 844 4523 “Am
868 4472 895 4521 iu
913 4473 987 4535 finem
1010 4473 1145 4538 conformat
1173 4493 1225 4539 nos,
1247 4487 1267 4529 et

116 4558 183 4621 ginal
198 4559 265 4623 gloss
283 4558 340 4606 that
358 4556 402 4605 bas
422 4554 512 4605 caused
527 4569 595 4603 some
609 4569 667 4602 oon·
717 4562 810 4619 coaptat
824 4555 905 4604 vitam.
