3000 4994
255 323 321 389 280
541 337 864 392 n1s1>unsnr10nus
891 338 1100 401 uurvausm
1182 327 1186 333 '

113 510 218 597 iffi·
254 491 447 577 temporibus
463 491 526 556 Lot
540 491 593 577 qui
606 490 704 575 ¹pluit
725 511 819 576 super
842 489 1009 554 Sodomam
1027 497 1060 554 et
1075 489 1282 554 Gomorrham
1300 490 1409 577 ignem

90 604 238 691 Gffiqq·
254 603 287 659 et
309 593 438 680 sulphur
456 594 496 658 de
515 593 605 671 coelo,
626 592 794 678 exemptum
809 593 890 677 justi
908 592 1030 676 judicii
1044 591 1117 670 Dei,
1133 601 1169 657 ut
1183 603 1409 679 cognoscerent

114 677 229 737 ΨΜ
255 718 372 775 omnes,
388 696 534 783 quoniam
547 696 643 760 omnis
658 694 751 759 ardor
768 717 837 780 qum
856 717 915 758 non
930 696 1016 779 fucit
1027 696 1171 779 fructum
1189 693 1313 759 ²donum
1328 695 1408 759 euci-

89 808 233 899 gfflffi
255 800 354 877 deur,
379 809 408 865 et
430 800 465 864 in
490 800 590 886 iqnern
612 801 768 863 mittetur:
791 806 825 863 et
847 798 881 861 in
901 797 1065 862 universali
1080 798 1198 884 judicio
1217 797 1408 863 tolerabilius

87 900 182 952 “¹¹²²'‘
191 900 241 939 ¹¹¹⁶·
257 902 402 968 Sodomis
417 913 518 982 utens,
533 908 644 989 ⁸quam
668 901 717 966 his
732 900 784 987 qui
800 900 943 966 viderunt
956 903 1024 987 ejus
1038 900 1168 966 virtutes
1182 922 1260 986 quas
1273 900 1409 966 faciebat

88 992 235 1079 emdiii‘i'.
255 1013 289 1070 et
313 1027 375 1071 non
400 1006 597 1071 crediderunt
621 1005 654 1069 in
678 1026 759 1083 eum,
790 1025 890 1090 neque
919 1011 1102 1089 receperunt
1130 1004 1198 1089 ejus
1224 1004 1409 1069 doctrinam.

26 1112 29 1117 ’
87 1085 236 1172 diffidi
256 1107 524 1189 Quemadmodum
539 1109 622 1174 enim
636 1109 786 1193 majorem
805 1107 891 1173 dedit
909 1107 1044 1195 gratiam
1066 1128 1226 1193 persuum
1240 1107 1408 1171 adventum

254 1209 303 1276 his
318 1211 371 1297 qui
386 1211 582 1276 crediderunt
596 1210 625 1275 ei
640 1217 674 1275 et
686 1210 805 1275 faciunt
819 1211 887 1296 ejus
901 1209 1112 1284 voluntatem
1137 1209 1182 1274 sic
1201 1216 1234 1273 et
1256 1211 1408 1295 majorem

253 1312 287 1377 in
302 1313 422 1398 judicio
441 1314 556 1379 habere
574 1334 700 1399 poeuam
719 1312 843 1400 eosqui
865 1334 927 1378 non
946 1312 1143 1377 crediderunt
1157 1311 1187 1376 ei
1208 1309 1407 1397 significavit,

249 1414 355 1500 justus
369 1415 523 1479 exsistens
537 1435 631 1499 super
645 1435 753 1478 omues
763 1413 934 1498 aequaliter,
950 1421 983 1478 et
997 1413 1109 1499 quibus
1124 1412 1211 1497 ⁴plue
1225 1412 1321 1489 dedit,
1336 1411 1408 1497 plus

86 1524 183 1566 ¹¹³0·OE
192 1525 222 1565 *ἃ
252 1516 353 1582 abeis
366 1524 547 1582 exacturus:
564 1517 634 1602 plus
648 1524 763 1594 autem,
779 1537 842 1580 non
856 1516 938 1602 quod
952 1515 1080 1580 alterius
1095 1515 1202 1580 Patris
1215 1514 1408 1600 agnitionem

253 1621 401 1698 ostendit,
423 1620 506 1684 sicut
530 1640 586 1706 per
606 1626 656 1684 tot
680 1627 714 1684 et
735 1627 825 1684 tanta
847 1619 1058 1696 ostendimus3
1086 1619 1142 1683 sed
1164 1618 1236 1702 quia
1255 1618 1406 1704 majorem

253 1725 452 1791 donationem
476 1732 615 1810 paternae
640 1723 752 1810 gratiae
777 1745 833 1810 per
858 1745 950 1788 suum
974 1723 1141 1787 adventum
1165 1721 1274 1786 effudit
1293 1720 1327 1784 in
1349 1721 1406 1785 hu·
1440 1765 1446 1775 ·

253 1848 381 1892 manum
394 1847 502 1914 genus.
1073 1895 1074 1898 Ἴ

321 1935 350 1995 5.
375 1930 410 1994 Si
424 1930 474 1995 cui
489 1937 595 1995 autem
609 1952 672 1996 non
684 1931 841 1997 sufficiunt
855 1953 925 2018 quoe
939 1931 1149 2018 praediximus,
1164 1930 1205 1994 ed
1219 1929 1406 1995 credendum

253 2036 295 2101 ab
314 2057 377 2099 uno
398 2043 432 2100 et
451 2035 561 2100 eodem
577 2036 674 2101 Patre
688 2037 857 2123 prophetes
872 2037 984 2102 missos
998 2058 1077 2113 esse,
1092 2057 1113 2099 a
1127 2058 1188 2120 quo
1203 2043 1236 2099 et
1250 2035 1408 2099 Dominus

254 2145 378 2206 ⁴noster
392 2139 507 2204 missus
520 2146 579 2218 eet,
594 2141 737 2225 aperiens
751 2147 875 2206 ⁵autem
893 2162 985 2205 aures
1005 2139 1107 2204 cordis
1120 2139 1179 2217 sui,
1194 2147 1228 2204 et
1247 2138 1407 2205 Christum

254 2243 368 2308 Jesum
397 2243 570 2308 Dominum
599 2244 785 2330 magistrum
814 2244 970 2319 invocans,
1000 2243 1108 2307 audiat
1137 2242 1292 2307 dicentem
1318 2263 1404 2307 eum:

254 2340 364 2411 stetin
389 2355 431 2410 ert
460 2367 585 2432 reqnum
614 2347 754 2412 coetornun
784 2349 851 2434 reqi
882 2348 1007 2432 neptim
1029 2346 1168 2431 facienti
1187 2345 1259 2427 filio
1286 2367 1349 2423 erro,
1379 2354 1408 2410 et

253 2450 384 2514 mittenti
408 2471 508 2514 eereoe
535 2471 602 2514 suos
626 2451 672 2514 od
694 2450 914 2537 corroqundmn
941 2472 996 2527 eos,
1019 2449 1074 2534 qui
1095 2450 1193 2512 eoeeti
1205 2449 1342 2532 suerent
1363 2448 1409 2512 ed

252 2553 390 2637 nuptiae.
435 2551 480 2615 Et
508 2550 568 2617 illis
595 2551 772 2617 nolentibus
800 2552 944 2617 obedire:
968 2552 1098 2630 Iterum,
1124 2552 1180 2629 ait,
1207 2550 1285 2615 oties
1308 2571 1407 2614 serres

252 2655 344 2734 misit,
359 2655 481 2720 diones:
506 2655 609 2720 Dicite
622 2655 670 2720 die
684 2655 737 2741 qui
750 2664 821 2720 eunt
833 2656 948 2719 receti.-
974 2654 1088 2732 Venite,
1107 2654 1294 2740 6mundium
1308 2674 1407 2717 meum

245 2759 375 2844 peruri,
392 2760 479 2824 tauri
493 2759 553 2823 mei
567 2767 595 2822 et
607 2760 711 2823 omniu
724 2759 868 2845 eaqinetu
882 2761 988 2836 occisa,
1012 2767 1041 2822 et
1061 2759 1164 2823 omnin
1181 2766 1302 2844 perata
1317 2766 1388 2821 curet
1393 2779 1404 2827 9·

251 2861 348 2926 emm
361 2861 406 2925 ed
418 2862 553 2946 nuptiae.
584 2861 611 2923 I
608 2859 646 2924 tte·
658 2870 760 2925 entem
773 2858 916 2925 abierunt
929 2860 1105 2946 neqtiqmtes
1119 2882 1195 2938 eum,
1211 2859 1273 2924 ulii
1285 2859 1406 2946 quidem

251 2963 288 3027 in
309 2984 419 3048 eqrum
441 2985 539 3041 mmm,
562 2963 623 3028 elii
643 2973 744 3027 eutem
765 2964 801 3028 in
817 2963 1046 3049 neqotietionem
1067 2983 1172 3036 enum,·
1197 2962 1311 3047 reliqui
1336 2983 1406 3025 uero

252 3066 457 3150 arripuerunt
471 3086 579 3143 remor,
594 3075 623 3130 et
639 3065 716 3130 atior
735 3065 857 3151 quidem
874 3065 1081 3130 contumeliose
1095 3073 1314 3142 truetueerunt,
1329 3064 1407 3129 elios

252 3188 322 3231 oero
346 3167 530 3232 ecciderunt.
572 3168 641 3232 lien
664 3176 767 3233 eutem
792 3189 870 3231 cum·
883 3167 1018 3232 audisset
1036 3169 1138 3232 iretur
1158 3176 1210 3244 eet,
1234 3176 1263 3231 et
1284 3168 1407 3232 mittens

252 3270 400 3335 euerritur
412 3292 480 3335 euos
486 3270 630 3355 perdidit
644 3271 849 3354 interfectores
866 3271 944 3350 iidoc,
960 3280 988 3335 et
1002 3270 1155 3334 ciuitatem
1170 3291 1273 3334 eorum
1286 3291 1405 3334 mecen-

145 3438 148 3442 .
252 3373 309 3452 dit,
332 3383 362 3438 et
382 3373 464 3438 dieit
483 3375 579 3439 seroie
596 3375 675 3439 ruis:
699 3374 833 3459 Nuptiis
848 3374 971 3459 quidem
983 3384 1112 3459 parator
1127 3383 1206 3451 eum,
1222 3376 1320 3438 eoeeti
1334 3396 1405 3438 eero

252 3497 312 3540 non
324 3476 460 3559 fuerunt
480 3475 579 3562 diqni.
631 3476 725 3541 Enite
745 3476 845 3562 iqitur
866 3476 912 3540 ed
936 3476 1033 3540 enites
1054 3475 1187 3552 riorum,
1214 3485 1243 3540 et
1267 3484 1407 3561 quotquot

253 3578 431 3643 inueneritis
453 3587 627 3664 eonqreqete
646 3578 692 3642 ud
706 3580 843 3665 nuptiae.
886 3580 931 3643 Et
949 3586 1088 3642 eneuntee
1103 3577 1185 3641 serni
1204 3576 1268 3661 ey’ee
1286 3599 1405 3663 conqre·

249 3690 401 3768 qaeerunt
411 3703 509 3746 omnes
520 3691 659 3769 quotquot
672 3682 851 3747 inuenerunt
866 3681 961 3747 madre
972 3691 999 3745 et
1011 3681 1096 3746 donea
1114 3691 1143 3746 et
1153 3682 1323 3767 ⁷eompletoe
1336 3693 1406 3746 eunt

253 3785 372 3870 nuptie
389 3783 648 3850 diseunedentidm.
688 3785 844 3850 Introiem
864 3794 966 3850 autem
987 3784 1162 3849 reccidere
1177 3784 1404 3863 ⁷recumdentee,

252 3888 333 3954 cidit
343 3886 388 3952 idi
398 3889 547 3953 hominem
556 3910 615 3953 non
626 3890 764 3954 eeetitrtm
776 3889 1004 3953 ⁷indumentune
1018 3890 1208 3976 nuptiarum,
1224 3900 1253 3954 et
1267 3890 1345 3953 dicit
1358 3891 1403 3953 ei:

252 3994 372 4070 Amice,
377 3992 519 4079 quomodo
530 3992 640 4058 emisti
648 3993 780 4071 huenen
791 3991 902 4058 dedens
912 3992 1122 4058 indumentum
1131 3993 1334 4078 nuptiarum?
1344 3994 1368 4057 I
1367 3993 1407 4059 m
1419 4026 1444 4065 9,
1452 4023 1489 4067 ³72.

301 4144 310 4176 ¹
329 4145 383 4206 Cu,
404 4145 480 4207 Vsu,
498 4145 597 4207 Voss.;
617 4145 716 4208 emerit,
738 4147 800 4207 Am,
902 4145 914 4177 ⁴
932 4146 976 4195 cn.
990 4147 1065 4195 omits
1072 4147 1142 4209 plue,
1156 4154 1241 4196 neuen

252 4225 341 4274 Mune.
354 4238 386 4275 11.
901 4229 980 4279 “Am
999 4231 1075 4280 omits
1095 4237 1191 4287 autem·
1213 4229 1258 4279 Cu.
1279 4230 1318 4279 ior
1337 4245 1408 4280 eures

300 4306 405 4368 ¹Vim,
418 4307 509 4369 Voss„
529 4308 574 4357 but
591 4307 646 4368 On,
667 4308 719 4357 An.
740 4308 803 4357 omit
853 4312 898 4359 hae
909 4325 941 4360 er.

251 4388 348 4438 bonum.
900 4390 911 4423 ⁶
928 4392 978 4442 As.
992 4393 1066 4441 omits
1077 4393 1120 4441 the
1132 4397 1193 4441 next
1208 4392 1277 4442 three
1289 4392 1378 4441 words.

300 4468 402 4534 ¹quom
423 4470 462 4521 ieie
483 4470 527 4535 qui
533 4490 544 4528 ,·
569 4472 669 4522 Cursu.
693 4471 804 4535 moneris
902 4473 981 4524 ⁷Au.
1000 4474 1110 4537 impleta,
1133 4474 1312 4535 discumbentes,
1334 4473 1406 4522 indre-

251 4549 302 4600 oid.
854 4559 937 4602 mente.
