3000 4994
262 351 329 418 388
535 364 577 419 m
603 364 838 420 orlmrsusu
861 363 1136 419 sussnoronmt

127 541 219 629 ἔξω.
262 543 337 609 ergo
357 520 527 587 seeundum
545 520 795 599 inobedientiam,
815 525 903 607 ¹qure
922 530 971 586 est
991 542 1089 585 mors:
1113 519 1177 584 sive
1199 517 1281 604 quod
1303 515 1417 582 exinde

99 635 249 723 ‘iffi-3¹2}
262 624 368 690 traditi
383 624 457 701 sint,
472 632 505 689 et
519 625 593 690 faeti
608 625 672 689 sint
686 624 843 690 debitores
858 625 981 689 mortis:
1005 624 1070 689 sive
1088 622 1257 688 seeundum
1272 642 1369 684 unum
1384 626 1417 684 et
1429 634 1455 673 ⁰·
1491 658 1494 667 ,

99 728 249 814 Q·-
262 728 395 793 eundem
418 727 510 805 diem,
533 727 565 791 in
587 749 648 815 quo
670 729 941 805 manducaverunt,
966 737 998 793 et
1017 728 1131 792 mortui
1154 736 1247 799 sunt;
1272 723 1419 810 quoniam

263 853 326 896 una
340 829 526 896 conditionis
545 831 631 896 dies:
655 831 719 896 sive
739 831 909 897 seeundum
930 832 1012 896 buno
1031 830 1178 895 circulum
1193 829 1323 905 dierum,
1346 827 1419 912 quia

264 933 297 998 in
312 933 379 1019 ipsa
393 932 506 997 mortui
525 934 649 997 suntin
669 942 777 1018 quaet
798 934 1069 1011 manducaverunt,
1089 934 1149 998 hoe
1164 942 1213 998 est
1234 932 1417 1007 Paraseeve,

264 1059 335 1124 quae
351 1037 463 1101 dicitur
480 1041 587 1102 ²eoena
602 1060 688 1124 pura,
708 1038 740 1103 id
754 1047 803 1105 est
817 1045 908 1104 sexta
927 1039 1013 1115 feria,
1032 1060 1125 1124 quam
1145 1044 1177 1102 et
1196 1036 1350 1101 Dominus
1370 1056 1419 1100 os·

264 1140 366 1205 tendit
389 1160 499 1224 passus
523 1139 555 1203 in
577 1161 633 1205 ea:
657 1140 721 1206 sive
746 1140 918 1206 seeundum
943 1142 1026 1227 quod
1053 1163 1115 1206 non
1137 1140 1180 1204 sit
1201 1160 1419 1225 supergressus

264 1242 349 1307 mille
363 1263 472 1320 annos,
487 1241 541 1307 sed
557 1243 590 1306 in
604 1243 681 1328 ipsis
700 1251 842 1309 mortuus
861 1245 923 1308 sit:
946 1243 1116 1308 seeundum
1136 1242 1241 1308 omnia
1259 1262 1334 1327 ergo
1348 1263 1418 1327 quae

265 1346 490 1433 significantur,
512 1346 601 1411 Deus
621 1347 745 1432 quidem
763 1369 878 1423 verax;
903 1347 1016 1412 mortui
1035 1347 1118 1412 enim
1138 1352 1222 1423 sunt,
1241 1344 1293 1430 qui
1312 1353 1419 1431 gusta·

265 1457 376 1514 verunt
390 1448 429 1514 de
443 1449 542 1536 ligno:
566 1470 694 1536 serpens
707 1457 813 1515 autem
828 1451 961 1515 mendax
981 1457 1125 1515 ostensus
1140 1456 1236 1514 estet
1253 1446 1418 1524 homicida,

101 1579 152 1622 ton
163 1579 244 1620 oua
264 1552 347 1617 sieut
371 1550 526 1617 Dominus
543 1552 590 1618 ait
606 1553 646 1620 de
667 1574 719 1620 eo:
748 1553 898 1635 Quium
917 1552 956 1618 ab
978 1554 1070 1619 initio
1091 1552 1242 1618 homicida
1261 1560 1312 1630 est,
1336 1559 1363 1615 et
1385 1551 1421 1616 ire

266 1655 394 1723 veritate
408 1676 467 1719 riou
480 1656 571 1722 stetit.

712 1965 815 2034 OAP.
837 1966 974 2033 XXIV.

264 2123 327 2201 De
347 2122 502 2199 Diaboli
516 2137 697 2224 perpetuo
720 2124 922 2217 mendacio,
940 2120 1179 2224 potestatibus
1202 2119 1331 2220 probus
1357 2145 1423 2195 uos

338 2267 477 2341 parere
500 2254 645 2340 oportet,
675 2255 783 2340 utque
808 2240 980 2341 imperiis
1004 2239 1165 2332 terrenis,
1194 2251 1370 2338 quatenus
1396 2264 1423 2312 a

335 2358 418 2433 Deo
435 2384 508 2433 uou
522 2371 645 2434 autem
661 2386 687 2433 u
703 2359 863 2434 Diabolo
881 2357 1155 2434 eorutituuutur.

267 2541 298 2604 1.
329 2538 431 2603 S1cur
443 2559 518 2625 ergo
533 2536 566 2601 in
580 2537 730 2625 principio
741 2537 891 2604 mentitus
906 2545 964 2616 est,
978 2537 1023 2602 ita
1033 2545 1065 2603 et
1081 2537 1112 2600 in
1127 2537 1188 2601 line
1201 2535 1421 2615 mentiebatur,

146 2674 253 2722 epu„
266 2641 389 2706 dicens:
406 2640 505 2704 ³Hoee
518 2642 622 2704 omnia
632 2640 709 2704 mili
723 2641 843 2705 tradita
856 2650 936 2718 suut,
946 2650 974 2704 et
985 2645 1035 2704 rui
1047 2639 1110 2704 aab
1118 2640 1157 2704 de
1168 2662 1214 2705 ea.
1253 2637 1326 2703 Non
1337 2638 1421 2702 enim

156 2720 240 2825 ,¹1ss
267 2740 333 2827 ipse
344 2739 562 2806 determinavit
574 2741 666 2826 hujus
678 2741 782 2806 saeculi
797 2746 921 2830 ³regna,
934 2742 990 2807 sed
1003 2741 1109 2806 Deus:
1126 2742 1220 2828 Repis
1233 2743 1311 2806 euim
1324 2765 1376 2806 eor
1386 2743 1423 2806 iu

158 2831 252 2871 ’Μ’
266 2866 360 2908 mauu
375 2843 448 2908 Dei.
487 2840 532 2907 Et
546 2865 601 2929 per
617 2843 815 2909 Salomonem
833 2853 938 2909 autem
952 2845 998 2909 ait
1014 2843 1174 2909 Verbum:
1199 2845 1267 2908 Per
1281 2867 1327 2908 me
1342 2866 1423 2930 repes

266 2956 404 3032 repauset,
420 2957 448 3011 et
462 2951 607 3032 ⁴poteutee
617 2946 889 3031 teueutjustitiam.
922 2948 990 3012 Per
1003 2969 1050 3011 me
1054 2947 1214 3032 principes
1228 2946 1422 3011 ⁴eaaltabuu·

264 3059 327 3125 tur,
339 3058 367 3114 et
377 3050 505 3132 tyrauui
517 3053 590 3133 ⁶per
599 3072 645 3113 rue
655 3057 784 3135 repuaut
793 3058 918 3114 terrem.
951 3049 994 3112 Et
1007 3050 1125 3113 Paulus
1133 3057 1237 3113 autem
1249 3049 1423 3136 Apostolus

101 3184 216 3226 mm
226 3187 244 3224 ι,
264 3151 297 3214 in
309 3150 368 3215 hoe
378 3150 480 3234 ipsum
490 3150 549 3214 ait:
567 3149 732 3214 ‘’Omnibus
742 3151 936 3236 potestatibus
945 3149 1170 3215 sublimioribus
1183 3151 1306 3236 subjecti
1317 3164 1421 3219 estote:

265 3274 325 3317 reru
337 3262 378 3316 est
392 3253 613 3337 enimpotestas
626 3253 688 3317 uisi
701 3275 722 3316 a
737 3253 811 3317 Deo.
851 3254 926 3333 Qua
939 3264 1041 3318 eutem
1054 3265 1132 3333 suat,
1148 3278 1169 3318 a
1184 3256 1251 3320 Dee
1265 3255 1422 3342 dispositae

101 3384 247 3426 mame
264 3365 345 3422 suut.
383 3355 427 3419 Et
442 3355 555 3420 iterum
570 3356 609 3421 de
628 3356 704 3442 ipsis
725 3356 790 3421 ait:
814 3358 888 3421 Nou
908 3358 988 3421 euim
1007 3358 1071 3421 siue
1090 3380 1184 3422 eausa
1195 3359 1421 3472 plepliumpor-

266 3467 329 3532 uu·
350 3458 413 3522 Dei
433 3459 513 3522 euim
532 3459 671 3522 mireister
690 3468 740 3537 est,
760 3458 873 3524 uades
892 3460 1024 3523 inirem
1045 3460 1074 3524 ei
1092 3461 1147 3546 qui
1165 3462 1245 3525 male
1263 3472 1420 3547 operetur.

267 3560 422 3643 Quoniam
437 3560 504 3625 haee
519 3569 624 3624 autem
640 3582 702 3625 non
717 3561 756 3626 de
770 3561 934 3649 ⁷angelicis
954 3563 1171 3647 potestatibus,
1189 3586 1246 3629 nee
1262 3565 1301 3628 de
1317 3564 1421 3630 invisi-

265 3663 379 3729 bilibus
398 3662 588 3750 prineipibus
607 3663 697 3742 dixit,
720 3665 876 3751 quomodo
896 3664 1022 3750 quidam
1041 3666 1158 3730 audent
1175 3689 1341 3753 exponere,
1363 3669 1422 3734 sed

102 3785 221 3830 mnxur
233 3786 251 3826 e.
266 3767 305 3831 de
323 3766 373 3832 his
396 3775 559 3852 quaesunt
579 3769 750 3832 seeundum
770 3768 912 3833 homines
931 3777 1113 3854 potestates,
1135 3771 1194 3835 ait:
1216 3772 1352 3856 Propter
1368 3773 1422 3838 lere

267 3872 347 3935 euim
366 3881 394 3936 et
412 3870 529 3935 tribua
536 3872 707 3957 praestetis,
726 3873 861 3936 ministri
875 3874 955 3936 euim
969 3873 1032 3937 Dei
1044 3883 1122 3951 sarit,
1139 3875 1239 3938 iuliae
1255 3876 1354 3961 ipsum
1369 3877 1421 3940 de·

264 3976 431 4040 servientes.
462 3973 534 4040 Hoe
545 3983 651 4040 autern
662 3983 695 4040 et
708 3973 862 4039 Dominus
874 3975 1076 4054 confirmavit,
1089 3998 1151 4041 non
1163 3977 1280 4043 faciens
1294 3977 1421 4066 quidem

315 4154 477 4219 ¹Aspued.
915 4156 994 4207 ⁵As.
1009 4165 1189 4221 permeterrue.

314 4236 491 4299 ’canopum
526 4236 596 4286 ctr.
614 4251 667 4297 140,
682 4250 704 4298 5.
916 4236 981 4287 “As
998 4239 1022 4287 iu
1041 4240 1084 4287 tha
1098 4239 1170 4288 Italic
1182 4239 1286 4298 version,
1306 4239 1422 4289 followed

314 4316 392 4365 ³Au.
406 4317 480 4365 omits
491 4318 534 4366 the
545 4322 599 4366 text
607 4317 671 4366 from
680 4317 814 4381 Scriptura,
867 4319 919 4368 also
930 4320 964 4384 by
972 4321 1110 4370 Amssoss.
1146 4322 1421 4386 Stilltheautbormay

265 4399 314 4447 and
325 4399 371 4447 has
383 4414 489 4461 reparent.
866 4400 930 4448 have
947 4403 1039 4464 quoted
1056 4403 1099 4450 the
1113 4403 1193 4450 words
1211 4404 1235 4451 in
1252 4403 1335 4452 Greek
1348 4420 1377 4452 us
1394 4405 1421 4453 in

314 4479 393 4529 ⁴A1s.
418 4487 549 4542 poterim
590 4480 639 4530 GR.
669 4480 814 4532 murmur.
866 4481 909 4530 the
920 4483 1030 4531 received
1043 4489 1105 4532 text.

265 4558 343 4609 MSS.
356 4574 383 4607 as
394 4560 480 4610 above.
916 4562 926 4596 ⁷
942 4565 1003 4625 Aa,
1018 4563 1106 4613 Mune.
1120 4575 1138 4614 1.
1154 4564 1254 4627 asseclis.
