<?xml version="1.0" encoding="UTF-8"?>
<!DOCTYPE html PUBLIC "-//W3C//DTD XHTML 1.0 Transitional//EN"
    "http://www.w3.org/TR/xhtml1/DTD/xhtml1-transitional.dtd">
<html xmlns="http://www.w3.org/1999/xhtml" xml:lang="en" lang="en">
 <head>
  <title>
</title>
<meta http-equiv="Content-Type" content="text/html;charset=utf-8" />
  <meta name='ocr-system' content='tesseract 3.04.00' />
  <meta name='ocr-capabilities' content='ocr_page ocr_carea ocr_par ocr_line ocrx_word'/>
</head>
<body>
  <div class='ocr_page' id='page_1' title='image "./sanctiirenaeiep00harvgoog_0111.png"; bbox 0 0 3000 4994; ppageno 0'>
   <div class='ocr_carea' id='block_1_1' title="bbox 252 333 1028 400">
    <p class='ocr_par' dir='ltr' id='par_1_1' title="bbox 252 333 1028 400">
     <span class='ocr_line' id='line_1_1' title="bbox 252 333 1028 400; baseline -0.001 -2"><span class='ocrx_word' id='word_1_1' title='bbox 252 333 318 400; x_wconf 93' lang='lat'><strong>100</strong></span> <span class='ocrx_word' id='word_1_2' title='bbox 622 346 773 399; x_wconf 80' lang='lat' dir='ltr'><strong>cunrsnr</strong></span> <span class='ocrx_word' id='word_1_3' title='bbox 799 344 1028 398; x_wconf 78' lang='lat' dir='ltr'><strong>nuunurnns</strong></span> 
     </span>
    </p>
   </div>
   <div class='ocr_carea' id='block_1_2' title="bbox 86 494 1408 698">
    <p class='ocr_par' dir='ltr' id='par_1_2' title="bbox 86 494 1408 698">
     <span class='ocr_line' id='line_1_2' title="bbox 86 494 1406 616; baseline -0.012 -43"><span class='ocrx_word' id='word_1_4' title='bbox 86 518 239 561; x_wconf 67' lang='lat' dir='ltr'><strong>uanum</strong></span> <span class='ocrx_word' id='word_1_5' title='bbox 253 499 408 616; x_wconf 80' lang='lat' dir='ltr'>vapulare,</span> <span class='ocrx_word' id='word_1_6' title='bbox 425 507 458 564; x_wconf 91' lang='lat' dir='ltr'><strong>et</strong></span> <span class='ocrx_word' id='word_1_7' title='bbox 471 498 602 564; x_wconf 86' lang='lat' dir='ltr'><strong>alteram</strong></span> <span class='ocrx_word' id='word_1_8' title='bbox 616 499 753 585; x_wconf 86' lang='lat' dir='ltr'><strong>praebere</strong></span> <span class='ocrx_word' id='word_1_9' title='bbox 771 497 983 575; x_wconf 78' lang='lat' dir='ltr'><strong>maxillam,&#39;</strong></span> <span class='ocrx_word' id='word_1_10' title='bbox 958 519 985 561; x_wconf 85' lang='grc' dir='ltr'><strong>ει</strong></span> <span class='ocrx_word' id='word_1_11' title='bbox 1004 496 1072 582; x_wconf 87' lang='lat' dir='ltr'><strong>ipse</strong></span> <span class='ocrx_word' id='word_1_12' title='bbox 1089 495 1165 560; x_wconf 93' lang='lat' dir='ltr'><strong>illud</strong></span> <span class='ocrx_word' id='word_1_13' title='bbox 1184 516 1246 560; x_wconf 92' lang='lat' dir='ltr'><strong>non</strong></span> <span class='ocrx_word' id='word_1_14' title='bbox 1268 495 1352 581; x_wconf 92' lang='lat' dir='ltr'><strong>prior</strong></span> <span class='ocrx_word' id='word_1_15' title='bbox 1373 494 1406 557; x_wconf 91' lang='lat' dir='ltr'><strong>in</strong></span> 
     </span>
     <span class='ocr_line' id='line_1_3' title="bbox 87 569 1408 698; baseline -0.01 -27"><span class='ocrx_word' id='word_1_16' title='bbox 87 569 230 698; x_wconf 50' lang='lat' dir='ltr'><strong>flffilisffi</strong></span> <span class='ocrx_word' id='word_1_17' title='bbox 254 602 383 666; x_wconf 87' lang='lat' dir='ltr'><strong>veritate</strong></span> <span class='ocrx_word' id='word_1_18' title='bbox 407 622 519 685; x_wconf 86' lang='lat' dir='ltr'><strong>passus</strong></span> <span class='ocrx_word' id='word_1_19' title='bbox 536 609 603 665; x_wconf 89' lang='lat' dir='ltr'><strong>est:</strong></span> <span class='ocrx_word' id='word_1_20' title='bbox 628 608 660 664; x_wconf 90' lang='lat' dir='ltr'><strong>et</strong></span> <span class='ocrx_word' id='word_1_21' title='bbox 684 599 945 686; x_wconf 83' lang='lat' dir='ltr'><strong>quemadmodum</strong></span> <span class='ocrx_word' id='word_1_22' title='bbox 965 597 1034 662; x_wconf 89' lang='lat' dir='ltr'><strong>illos</strong></span> <span class='ocrx_word' id='word_1_23' title='bbox 1054 597 1188 676; x_wconf 81' lang='lat' dir='ltr'><strong>seduxit,</strong></span> <span class='ocrx_word' id='word_1_24' title='bbox 1204 607 1239 662; x_wconf 92' lang='lat' dir='ltr'><strong>ut</strong></span> <span class='ocrx_word' id='word_1_25' title='bbox 1254 597 1408 662; x_wconf 88' lang='lat' dir='ltr'><strong>videretur</strong></span> 
     </span>
    </p>
   </div>
   <div class='ocr_carea' id='block_1_3' title="bbox 89 699 1409 1608">
    <p class='ocr_par' dir='ltr' id='par_1_3' title="bbox 89 699 1409 1405">
     <span class='ocr_line' id='line_1_4' title="bbox 89 699 1406 789; baseline -0.005 -20"><span class='ocrx_word' id='word_1_26' title='bbox 89 703 240 788; x_wconf 49' lang='lat' dir='ltr'><strong>„gu-2⁶*—</strong></span> <span class='ocrx_word' id='word_1_27' title='bbox 255 703 323 768; x_wconf 89' lang='lat' dir='ltr'><strong>eis&#39;</strong></span> <span class='ocrx_word' id='word_1_28' title='bbox 315 725 381 789; x_wconf 89' lang='lat' dir='ltr'><strong>rpse</strong></span> <span class='ocrx_word' id='word_1_29' title='bbox 396 702 454 767; x_wconf 91' lang='lat' dir='ltr'><strong>hoc</strong></span> <span class='ocrx_word' id='word_1_30' title='bbox 470 703 551 789; x_wconf 93' lang='lat' dir='ltr'><strong>quod</strong></span> <span class='ocrx_word' id='word_1_31' title='bbox 566 724 629 766; x_wconf 93' lang='lat' dir='ltr'><strong>non</strong></span> <span class='ocrx_word' id='word_1_32' title='bbox 643 709 721 778; x_wconf 87' lang='lat' dir='ltr'><strong>erat,</strong></span> <span class='ocrx_word' id='word_1_33' title='bbox 744 710 776 766; x_wconf 93' lang='lat' dir='ltr'><strong>et</strong></span> <span class='ocrx_word' id='word_1_34' title='bbox 797 723 854 765; x_wconf 90' lang='lat' dir='ltr'><strong>nos</strong></span> <span class='ocrx_word' id='word_1_35' title='bbox 874 701 1004 778; x_wconf 83' lang='lat' dir='ltr'><strong>seducit,</strong></span> <span class='ocrx_word' id='word_1_36' title='bbox 1020 700 1189 764; x_wconf 86' lang='lat' dir='ltr'><strong>adhortans</strong></span> <span class='ocrx_word' id='word_1_37' title='bbox 1208 699 1343 785; x_wconf 84' lang='lat' dir='ltr'><strong>perferre</strong></span> <span class='ocrx_word' id='word_1_38' title='bbox 1359 720 1406 775; x_wconf 89' lang='lat' dir='ltr'><strong>ea,</strong></span> 
     </span>
     <span class='ocr_line' id='line_1_5' title="bbox 254 800 1408 893; baseline -0.006 -24"><span class='ocrx_word' id='word_1_39' title='bbox 254 828 324 893; x_wconf 82' lang='lat' dir='ltr'><strong>quae</strong></span> <span class='ocrx_word' id='word_1_40' title='bbox 340 807 406 892; x_wconf 90' lang='lat' dir='ltr'><strong>ipse</strong></span> <span class='ocrx_word' id='word_1_41' title='bbox 420 827 484 869; x_wconf 91' lang='lat' dir='ltr'><strong>non</strong></span> <span class='ocrx_word' id='word_1_42' title='bbox 501 805 640 891; x_wconf 87' lang='lat' dir='ltr'><strong>pertulit.</strong></span> <span class='ocrx_word' id='word_1_43' title='bbox 685 802 813 867; x_wconf 83' lang='lat' dir='ltr'><strong>Erimus</strong></span> <span class='ocrx_word' id='word_1_44' title='bbox 834 811 939 867; x_wconf 87' lang='lat' dir='ltr'><strong>autem</strong></span> <span class='ocrx_word' id='word_1_45' title='bbox 958 810 991 866; x_wconf 92' lang='lat' dir='ltr'><strong>et</strong></span> <span class='ocrx_word' id='word_1_46' title='bbox 1008 824 1100 887; x_wconf 88' lang='lat' dir='ltr'><strong>super</strong></span> <span class='ocrx_word' id='word_1_47' title='bbox 1119 803 1313 888; x_wconf 86' lang='lat' dir='ltr'><strong>magistrum,</strong></span> <span class='ocrx_word' id='word_1_48' title='bbox 1334 800 1408 863; x_wconf 90' lang='lat' dir='ltr'><strong>dum</strong></span> 
     </span>
     <span class='ocr_line' id='line_1_6' title="bbox 252 902 1409 995; baseline -0.005 -24"><span class='ocrx_word' id='word_1_49' title='bbox 252 909 389 995; x_wconf 89' lang='lat' dir='ltr'><strong>patimur</strong></span> <span class='ocrx_word' id='word_1_50' title='bbox 411 915 444 972; x_wconf 88' lang='lat' dir='ltr'><strong>et</strong></span> <span class='ocrx_word' id='word_1_51' title='bbox 470 907 660 972; x_wconf 80' lang='lat' dir='ltr'><strong>sustinemus</strong></span> <span class='ocrx_word' id='word_1_52' title='bbox 689 927 759 992; x_wconf 80' lang='lat' dir='ltr'><strong>quae</strong></span> <span class='ocrx_word' id='word_1_53' title='bbox 789 927 889 991; x_wconf 87' lang='lat' dir='ltr'><strong>neque</strong></span> <span class='ocrx_word' id='word_1_54' title='bbox 918 926 1029 990; x_wconf 86' lang='lat' dir='ltr'><strong>passus</strong></span> <span class='ocrx_word' id='word_1_55' title='bbox 1055 911 1105 968; x_wconf 91' lang='lat' dir='ltr'><strong>est</strong></span> <span class='ocrx_word' id='word_1_56' title='bbox 1130 926 1231 989; x_wconf 91' lang='lat' dir='ltr'><strong>neque</strong></span> <span class='ocrx_word' id='word_1_57' title='bbox 1260 902 1409 967; x_wconf 88' lang='lat' dir='ltr'><strong>sustinuit</strong></span> 
     </span>
     <span class='ocr_line' id='line_1_7' title="bbox 253 1006 1409 1097; baseline -0.006 -22"><span class='ocrx_word' id='word_1_58' title='bbox 253 1010 411 1097; x_wconf 82' lang='lat' dir='ltr'><strong>magister.</strong></span> <span class='ocrx_word' id='word_1_59' title='bbox 458 1009 521 1073; x_wconf 90' lang='lat' dir='ltr'><strong>Sed</strong></span> <span class='ocrx_word' id='word_1_60' title='bbox 536 1009 682 1094; x_wconf 89' lang='lat' dir='ltr'><strong>quoniam</strong></span> <span class='ocrx_word' id='word_1_61' title='bbox 704 1007 789 1072; x_wconf 86' lang='lat' dir='ltr'><strong>solus</strong></span> <span class='ocrx_word' id='word_1_62' title='bbox 803 1029 875 1071; x_wconf 87' lang='lat' dir='ltr'><strong>vere</strong></span> <span class='ocrx_word' id='word_1_63' title='bbox 893 1007 1043 1094; x_wconf 85' lang='lat' dir='ltr'><strong>magister</strong></span> <span class='ocrx_word' id='word_1_64' title='bbox 1064 1006 1220 1070; x_wconf 84' lang='lat' dir='ltr'><strong>Dominus</strong></span> <span class='ocrx_word' id='word_1_65' title='bbox 1242 1014 1357 1082; x_wconf 88' lang='lat' dir='ltr'><strong>noster,</strong></span> <span class='ocrx_word' id='word_1_66' title='bbox 1376 1012 1409 1068; x_wconf 92' lang='lat' dir='ltr'><strong>et</strong></span> 
     </span>
     <span class='ocr_line' id='line_1_8' title="bbox 253 1107 1409 1197; baseline -0.008 -18"><span class='ocrx_word' id='word_1_67' title='bbox 253 1114 356 1179; x_wconf 89' lang='lat' dir='ltr'><strong>bonus</strong></span> <span class='ocrx_word' id='word_1_68' title='bbox 383 1134 455 1178; x_wconf 84' lang='lat' dir='ltr'><strong>vere</strong></span> <span class='ocrx_word' id='word_1_69' title='bbox 486 1112 587 1177; x_wconf 88' lang='lat' dir='ltr'><strong>Filius</strong></span> <span class='ocrx_word' id='word_1_70' title='bbox 613 1110 674 1175; x_wconf 92' lang='lat' dir='ltr'><strong>Dei</strong></span> <span class='ocrx_word' id='word_1_71' title='bbox 704 1119 736 1175; x_wconf 89' lang='lat' dir='ltr'><strong>et</strong></span> <span class='ocrx_word' id='word_1_72' title='bbox 763 1110 895 1197; x_wconf 88' lang='lat' dir='ltr'><strong>patiens,</strong></span> <span class='ocrx_word' id='word_1_73' title='bbox 921 1109 1063 1174; x_wconf 90' lang='lat' dir='ltr'><strong>Verbum</strong></span> <span class='ocrx_word' id='word_1_74' title='bbox 1092 1109 1152 1173; x_wconf 93' lang='lat' dir='ltr'><strong>Dei</strong></span> <span class='ocrx_word' id='word_1_75' title='bbox 1177 1109 1283 1172; x_wconf 88' lang='lat' dir='ltr'><strong>Patris</strong></span> <span class='ocrx_word' id='word_1_76' title='bbox 1309 1107 1409 1172; x_wconf 89' lang='lat' dir='ltr'><strong>Filius</strong></span> 
     </span>
     <span class='ocr_line' id='line_1_9' title="bbox 258 1212 1409 1298; baseline -0.004 -18"><span class='ocrx_word' id='word_1_77' title='bbox 258 1216 402 1280; x_wconf 89' lang='lat' dir='ltr'><strong>Hominis</strong></span> <span class='ocrx_word' id='word_1_78' title='bbox 417 1215 481 1280; x_wconf 86' lang='lat' dir='ltr'><strong>fact</strong></span> <span class='ocrx_word' id='word_1_79' title='bbox 468 1223 527 1280; x_wconf 89' lang='lat' dir='ltr'><strong>t.us</strong></span> <span class='ocrx_word' id='word_1_80' title='bbox 562 1214 716 1280; x_wconf 86' lang='lat' dir='ltr'><strong>Luctatus</strong></span> <span class='ocrx_word' id='word_1_81' title='bbox 729 1223 778 1279; x_wconf 88' lang='lat' dir='ltr'><strong>est</strong></span> <span class='ocrx_word' id='word_1_82' title='bbox 792 1213 1032 1292; x_wconf 89' lang='lat' dir='ltr'><strong>euim,etvicit.</strong></span> <span class='ocrx_word' id='word_1_83' title='bbox 1050 1212 1209 1277; x_wconf 84' lang='lat' dir='ltr'><strong>eratenim</strong></span> <span class='ocrx_word' id='word_1_84' title='bbox 1225 1212 1343 1277; x_wconf 89' lang='lat' dir='ltr'><strong>homo¹</strong></span> <span class='ocrx_word' id='word_1_85' title='bbox 1352 1233 1409 1298; x_wconf 92' lang='lat' dir='ltr'><strong>pro</strong></span> 
     </span>
     <span class='ocr_line' id='line_1_10' title="bbox 254 1316 1407 1405; baseline -0.003 -22"><span class='ocrx_word' id='word_1_86' title='bbox 254 1320 395 1405; x_wconf 88' lang='lat' dir='ltr'><strong>patribus</strong></span> <span class='ocrx_word' id='word_1_87' title='bbox 411 1326 544 1395; x_wconf 90' lang='lat' dir='ltr'><strong>certans,</strong></span> <span class='ocrx_word' id='word_1_88' title='bbox 560 1327 592 1382; x_wconf 91' lang='lat' dir='ltr'><strong>et</strong></span> <span class='ocrx_word' id='word_1_89' title='bbox 612 1339 666 1402; x_wconf 91' lang='lat' dir='ltr'><strong>per</strong></span> <span class='ocrx_word' id='word_1_90' title='bbox 680 1317 918 1395; x_wconf 69' lang='lat' dir='ltr'><strong>2obedientiam,</strong></span> <span class='ocrx_word' id='word_1_91' title='bbox 937 1316 1179 1381; x_wconf 88' lang='lat' dir='ltr'><strong>inobedientiam</strong></span> <span class='ocrx_word' id='word_1_92' title='bbox 1197 1316 1407 1401; x_wconf 80' lang='lat' dir='ltr'><strong>³persolvens:</strong></span> 
     </span>
    </p>

    <p class='ocr_par' dir='ltr' id='par_1_4' title="bbox 91 1417 1409 1608">
     <span class='ocr_line' id='line_1_11' title="bbox 91 1417 1409 1534; baseline -0.004 -47"><span class='ocrx_word' id='word_1_93' title='bbox 91 1433 153 1473; x_wconf 67' lang='lat'><strong>¹1⁸2*-</strong></span> <span class='ocrx_word' id='word_1_94' title='bbox 161 1433 235 1473; x_wconf 60' lang='lat'>¹¹22)</span> <span class='ocrx_word' id='word_1_95' title='bbox 254 1421 392 1506; x_wconf 80' lang='lat' dir='ltr'><strong>alligavit</strong></span> <span class='ocrx_word' id='word_1_96' title='bbox 407 1420 491 1485; x_wconf 91' lang='lat' dir='ltr'><strong>enim</strong></span> <span class='ocrx_word' id='word_1_97' title='bbox 507 1421 630 1498; x_wconf 84' lang='lat' dir='ltr'><strong>sortem,</strong></span> <span class='ocrx_word' id='word_1_98' title='bbox 646 1428 678 1485; x_wconf 89' lang='lat' dir='ltr'><strong>et</strong></span> <span class='ocrx_word' id='word_1_99' title='bbox 697 1420 790 1484; x_wconf 86' lang='lat' dir='ltr'><strong>solvit</strong></span> <span class='ocrx_word' id='word_1_100' title='bbox 806 1420 956 1497; x_wconf 85' lang='lat' dir='ltr'><strong>infirmos,</strong></span> <span class='ocrx_word' id='word_1_101' title='bbox 977 1427 1009 1483; x_wconf 93' lang='lat' dir='ltr'><strong>et</strong></span> <span class='ocrx_word' id='word_1_102' title='bbox 1026 1419 1159 1483; x_wconf 86' lang='lat' dir='ltr'><strong>salutem</strong></span> <span class='ocrx_word' id='word_1_103' title='bbox 1180 1417 1307 1482; x_wconf 89' lang='lat' dir='ltr'><strong>donavit</strong></span> <span class='ocrx_word' id='word_1_104' title='bbox 1328 1418 1409 1534; x_wconf 87' lang='lat' dir='ltr'><strong>plas-</strong></span> 
     </span>
     <span class='ocr_line' id='line_1_12' title="bbox 254 1521 1409 1608; baseline -0.003 -20"><span class='ocrx_word' id='word_1_105' title='bbox 254 1524 331 1588; x_wconf 85' lang='lat' dir='ltr'><strong>mati</strong></span> <span class='ocrx_word' id='word_1_106' title='bbox 348 1546 415 1602; x_wconf 87' lang='lat' dir='ltr'><strong>suo,</strong></span> <span class='ocrx_word' id='word_1_107' title='bbox 430 1523 594 1588; x_wconf 88' lang='lat' dir='ltr'><strong>destruens</strong></span> <span class='ocrx_word' id='word_1_108' title='bbox 608 1532 782 1608; x_wconf 86' lang='lat' dir='ltr'><strong>peecatum.</strong></span> <span class='ocrx_word' id='word_1_109' title='bbox 829 1522 889 1586; x_wconf 88' lang='lat' dir='ltr'><strong>Est</strong></span> <span class='ocrx_word' id='word_1_110' title='bbox 904 1522 988 1588; x_wconf 87' lang='lat' dir='ltr'><strong>enim</strong></span> <span class='ocrx_word' id='word_1_111' title='bbox 1006 1521 1166 1606; x_wconf 88' lang='lat' dir='ltr'><strong>piissimus</strong></span> <span class='ocrx_word' id='word_1_112' title='bbox 1185 1529 1217 1587; x_wconf 87' lang='lat' dir='ltr'><strong>et</strong></span> <span class='ocrx_word' id='word_1_113' title='bbox 1234 1521 1409 1586; x_wconf 83' lang='lat' dir='ltr'><strong>misericors</strong></span> 
     </span>
    </p>
   </div>
   <div class='ocr_carea' id='block_1_4' title="bbox 255 1624 894 1713">
    <p class='ocr_par' dir='ltr' id='par_1_5' title="bbox 255 1624 894 1713">
     <span class='ocr_line' id='line_1_13' title="bbox 255 1624 894 1713; baseline -0.002 -22"><span class='ocrx_word' id='word_1_114' title='bbox 255 1626 420 1705; x_wconf 88' lang='lat' dir='ltr'><strong>Dominus,</strong></span> <span class='ocrx_word' id='word_1_115' title='bbox 433 1633 466 1692; x_wconf 91' lang='lat' dir='ltr'><strong>et</strong></span> <span class='ocrx_word' id='word_1_116' title='bbox 477 1646 586 1690; x_wconf 91' lang='lat' dir='ltr'><strong>amans</strong></span> <span class='ocrx_word' id='word_1_117' title='bbox 601 1624 770 1690; x_wconf 85' lang='lat' dir='ltr'><strong>humanum</strong></span> <span class='ocrx_word' id='word_1_118' title='bbox 785 1647 894 1713; x_wconf 84' lang='lat' dir='ltr'><strong>genus.</strong></span> 
     </span>
    </p>
   </div>
   <div class='ocr_carea' id='block_1_5' title="bbox 89 1814 1494 2142">
    <p class='ocr_par' dir='ltr' id='par_1_6' title="bbox 89 1814 1494 2142">
     <span class='ocr_line' id='line_1_14' title="bbox 91 1814 1411 1956; baseline -0.003 -69"><span class='ocrx_word' id='word_1_119' title='bbox 91 1834 232 1874; x_wconf 57' lang='grc' dir='ltr'><strong>ΜΝ</strong></span> <span class='ocrx_word' id='word_1_120' title='bbox 338 1818 371 1887; x_wconf 87' lang='lat'><strong>6.</strong></span> <span class='ocrx_word' id='word_1_121' title='bbox 425 1870 518 1888; x_wconf 87' lang='grc'><strong>.....</strong></span> <span class='ocrx_word' id='word_1_122' title='bbox 533 1814 651 1900; x_wconf 77' lang='grc' dir='ltr'>ἥνωσεν</span> <span class='ocrx_word' id='word_1_123' title='bbox 682 1815 743 1902; x_wconf 86' lang='grc' dir='ltr'>ουν,</span> <span class='ocrx_word' id='word_1_124' title='bbox 776 1817 881 1894; x_wconf 79' lang='grc' dir='ltr'>καθὼς</span> <span class='ocrx_word' id='word_1_125' title='bbox 908 1818 1115 1956; x_wconf 69' lang='grc' dir='ltr'>πραέφαμεν,</span> <span class='ocrx_word' id='word_1_126' title='bbox 1146 1814 1207 1889; x_wconf 73' lang='grc' dir='ltr'>τὸν</span> <span class='ocrx_word' id='word_1_127' title='bbox 1238 1814 1411 1915; x_wconf 72' lang='grc' dir='ltr'>ἄνθρωπον</span> 
     </span>
     <span class='ocr_line' id='line_1_15' title="bbox 89 1889 1494 2030; baseline -0.003 -30"><span class='ocrx_word' id='word_1_128' title='bbox 89 1889 221 1982; x_wconf 49' lang='lat' dir='ltr'><strong>iim</strong></span> <span class='ocrx_word' id='word_1_129' title='bbox 255 1931 304 2019; x_wconf 77' lang='grc' dir='ltr'><strong>τῷ</strong></span> <span class='ocrx_word' id='word_1_130' title='bbox 342 1930 425 2020; x_wconf 84' lang='grc' dir='ltr'>Θεῳ.</span> <span class='ocrx_word' id='word_1_131' title='bbox 478 1929 526 2000; x_wconf 83' lang='grc' dir='ltr'><strong>Εἰ</strong></span> <span class='ocrx_word' id='word_1_132' title='bbox 557 1928 624 2029; x_wconf 76' lang='grc' dir='ltr'><strong>γὰρ</strong></span> <span class='ocrx_word' id='word_1_133' title='bbox 660 1930 705 2014; x_wconf 76' lang='grc' dir='ltr'><strong>μη</strong></span> <span class='ocrx_word' id='word_1_134' title='bbox 743 1929 966 2030; x_wconf 77' lang='grc' dir='ltr'>ἄνθρωπος’</span> <span class='ocrx_word' id='word_1_135' title='bbox 951 1930 1093 2013; x_wconf 86' lang='grc' dir='ltr'>ενίκησεν</span> <span class='ocrx_word' id='word_1_136' title='bbox 1124 1963 1184 2012; x_wconf 85' lang='grc' dir='ltr'>την</span> <span class='ocrx_word' id='word_1_137' title='bbox 1222 1929 1494 2001; x_wconf 81' lang='grc' dir='ltr'>ἇντίπαλονα.εω</span> 
     </span>
     <span class='ocr_line' id='line_1_16' title="bbox 254 2037 1411 2142; baseline -0.004 -28"><span class='ocrx_word' id='word_1_138' title='bbox 254 2047 318 2114; x_wconf 80' lang='grc' dir='ltr'><strong>τοῦ</strong></span> <span class='ocrx_word' id='word_1_139' title='bbox 349 2042 531 2142; x_wconf 78' lang='grc' dir='ltr'>ανθρώπου,</span> <span class='ocrx_word' id='word_1_140' title='bbox 568 2045 623 2113; x_wconf 78' lang='grc' dir='ltr'>ον’νε</span> <span class='ocrx_word' id='word_1_141' title='bbox 653 2040 692 2112; x_wconf 74' lang='grc' dir='ltr'>ἂν</span> <span class='ocrx_word' id='word_1_142' title='bbox 731 2040 856 2120; x_wconf 72' lang='grc' dir='ltr'>δικαίως·</span> <span class='ocrx_word' id='word_1_143' title='bbox 894 2045 1019 2126; x_wconf 75' lang='grc' dir='ltr'>ἐνικήθη</span> <span class='ocrx_word' id='word_1_144' title='bbox 1056 2046 1075 2114; x_wconf 88' lang='grc' dir='ltr'>ὁ</span> <span class='ocrx_word' id='word_1_145' title='bbox 1106 2043 1236 2140; x_wconf 79' lang='grc' dir='ltr'>ἐχθρός.</span> <span class='ocrx_word' id='word_1_146' title='bbox 1296 2037 1411 2110; x_wconf 76' lang='grc' dir='ltr'>Πάλιν</span> 
     </span>
    </p>
   </div>
   <div class='ocr_carea' id='block_1_6' title="bbox 255 2151 1411 2255">
    <p class='ocr_par' dir='ltr' id='par_1_7' title="bbox 255 2151 1411 2255">
     <span class='ocr_line' id='line_1_17' title="bbox 255 2151 1411 2255; baseline -0.004 -28"><span class='ocrx_word' id='word_1_147' title='bbox 255 2186 303 2239; x_wconf 82' lang='grc' dir='ltr'>τε,</span> <span class='ocrx_word' id='word_1_148' title='bbox 328 2157 356 2224; x_wconf 80' lang='grc' dir='ltr'>εἰ</span> <span class='ocrx_word' id='word_1_149' title='bbox 377 2156 422 2239; x_wconf 76' lang='grc' dir='ltr'><strong>μὴ</strong></span> <span class='ocrx_word' id='word_1_150' title='bbox 448 2157 466 2226; x_wconf 90' lang='grc' dir='ltr'>ὁ</span> <span class='ocrx_word' id='word_1_151' title='bbox 496 2152 579 2232; x_wconf 77' lang='grc' dir='ltr'>Θεὸς</span> <span class='ocrx_word' id='word_1_152' title='bbox 604 2153 796 2254; x_wconf 71' lang='grc' dir='ltr'>ἐδωρήσατο</span> <span class='ocrx_word' id='word_1_153' title='bbox 825 2155 885 2239; x_wconf 73' lang='grc' dir='ltr'>τὴν</span> <span class='ocrx_word' id='word_1_154' title='bbox 912 2156 1087 2255; x_wconf 80' lang='grc' dir='ltr'>σωτηρίαν,</span> <span class='ocrx_word' id='word_1_155' title='bbox 1112 2157 1167 2226; x_wconf 79' lang='grc' dir='ltr'><strong>οὐκ</strong></span> <span class='ocrx_word' id='word_1_156' title='bbox 1195 2151 1235 2224; x_wconf 77' lang='grc' dir='ltr'>ἂν</span> <span class='ocrx_word' id='word_1_157' title='bbox 1265 2154 1411 2241; x_wconf 76' lang='grc' dir='ltr'>βεβαίως</span> 
     </span>
    </p>
   </div>
   <div class='ocr_carea' id='block_1_7' title="bbox 254 2266 1413 2592">
    <p class='ocr_par' dir='ltr' id='par_1_8' title="bbox 254 2266 1413 2592">
     <span class='ocr_line' id='line_1_18' title="bbox 255 2266 1409 2366; baseline -0.002 -29"><span class='ocrx_word' id='word_1_158' title='bbox 255 2267 400 2362; x_wconf 75' lang='grc' dir='ltr'>ἔσχομεν</span> <span class='ocrx_word' id='word_1_159' title='bbox 428 2269 537 2350; x_wconf 70' lang='lat' dir='ltr'><strong>arimin.</strong></span> <span class='ocrx_word' id='word_1_160' title='bbox 582 2267 653 2338; x_wconf 80' lang='grc' dir='ltr'><strong>Καὶ</strong></span> <span class='ocrx_word' id='word_1_161' title='bbox 676 2271 727 2338; x_wconf 75' lang='grc' dir='ltr'>4εί</span> <span class='ocrx_word' id='word_1_162' title='bbox 751 2268 795 2352; x_wconf 77' lang='grc' dir='ltr'><strong>μη</strong></span> <span class='ocrx_word' id='word_1_163' title='bbox 822 2271 985 2352; x_wconf 81' lang='grc' dir='ltr'>σννηνώθη</span> <span class='ocrx_word' id='word_1_164' title='bbox 1012 2271 1030 2340; x_wconf 90' lang='grc' dir='ltr'>ὁ</span> <span class='ocrx_word' id='word_1_165' title='bbox 1057 2268 1228 2366; x_wconf 74' lang='grc' dir='ltr'>ἅνθρωπος</span> <span class='ocrx_word' id='word_1_166' title='bbox 1253 2273 1301 2355; x_wconf 74' lang='grc' dir='ltr'><strong>τῷ</strong></span> <span class='ocrx_word' id='word_1_167' title='bbox 1325 2266 1409 2356; x_wconf 75' lang='grc' dir='ltr'>Θεῷ,</span> 
     </span>
     <span class='ocr_line' id='line_1_19' title="bbox 256 2377 1412 2480; baseline 0.001 -31"><span class='ocrx_word' id='word_1_168' title='bbox 256 2381 312 2449; x_wconf 73' lang='grc' dir='ltr'><strong>οὐκ</strong></span> <span class='ocrx_word' id='word_1_169' title='bbox 345 2379 385 2450; x_wconf 69' lang='lat' dir='ltr'><strong>ob</strong></span> <span class='ocrx_word' id='word_1_170' title='bbox 417 2378 551 2463; x_wconf 68' lang='grc' dir='ltr'>ἠδυνήθη</span> <span class='ocrx_word' id='word_1_171' title='bbox 579 2391 762 2476; x_wconf 81' lang='grc' dir='ltr'>μετασχεῖν</span> <span class='ocrx_word' id='word_1_172' title='bbox 793 2389 851 2463; x_wconf 76' lang='grc' dir='ltr'><strong>τῆς</strong></span> <span class='ocrx_word' id='word_1_173' title='bbox 880 2381 1086 2480; x_wconf 76' lang='grc' dir='ltr'>ἆφθαρσίαε.</span> <span class='ocrx_word' id='word_1_174' title='bbox 1125 2377 1230 2466; x_wconf 72' lang='lat' dir='ltr'><strong>”Ede</strong></span> <span class='ocrx_word' id='word_1_175' title='bbox 1256 2377 1324 2477; x_wconf 75' lang='grc' dir='ltr'><strong>γὰρ</strong></span> <span class='ocrx_word' id='word_1_176' title='bbox 1350 2377 1412 2450; x_wconf 84' lang='grc' dir='ltr'>τὸν</span> 
     </span>
     <span class='ocr_line' id='line_1_20' title="bbox 254 2490 1413 2592; baseline 0.001 -31"><span class='ocrx_word' id='word_1_177' title='bbox 254 2493 394 2576; x_wconf 81' lang='grc' dir='ltr'>μεσίτην</span> <span class='ocrx_word' id='word_1_178' title='bbox 423 2493 511 2563; x_wconf 82' lang='grc' dir='ltr'>Θεοῦ</span> <span class='ocrx_word' id='word_1_179' title='bbox 542 2524 581 2564; x_wconf 90' lang='grc' dir='ltr'>τε</span> <span class='ocrx_word' id='word_1_180' title='bbox 609 2493 662 2563; x_wconf 75' lang='grc' dir='ltr'><strong>καὶ</strong></span> <span class='ocrx_word' id='word_1_181' title='bbox 696 2493 883 2592; x_wconf 79' lang='grc' dir='ltr'>ἀνθρώπων,</span> <span class='ocrx_word' id='word_1_182' title='bbox 908 2492 960 2564; x_wconf 76' lang='lat' dir='ltr'><strong>ded</strong></span> <span class='ocrx_word' id='word_1_183' title='bbox 991 2502 1049 2576; x_wconf 77' lang='grc' dir='ltr'><strong>τῆς</strong></span> <span class='ocrx_word' id='word_1_184' title='bbox 1075 2491 1157 2570; x_wconf 77' lang='grc' dir='ltr'>ἰδίας</span> <span class='ocrx_word' id='word_1_185' title='bbox 1188 2490 1272 2591; x_wconf 79' lang='grc' dir='ltr'>πρὸς</span> <span class='ocrx_word' id='word_1_186' title='bbox 1299 2492 1413 2563; x_wconf 77' lang='grc' dir='ltr'>ἑκατέ-</span> 
     </span>
    </p>
   </div>
   <div class='ocr_carea' id='block_1_8' title="bbox 254 2692 1415 3296">
    <p class='ocr_par' dir='ltr' id='par_1_9' title="bbox 254 2692 1415 3296">
     <span class='ocr_line' id='line_1_21' title="bbox 315 2692 1411 2781; baseline 0 -25"><span class='ocrx_word' id='word_1_187' title='bbox 315 2693 343 2756; x_wconf 91' lang='grc'><strong>6.</strong></span> <span class='ocrx_word' id='word_1_188' title='bbox 369 2693 501 2758; x_wconf 83' lang='lat' dir='ltr'><strong>Hserere</strong></span> <span class='ocrx_word' id='word_1_189' title='bbox 513 2694 619 2781; x_wconf 86' lang='lat' dir='ltr'><strong>itaque</strong></span> <span class='ocrx_word' id='word_1_190' title='bbox 631 2695 706 2760; x_wconf 84' lang='lat' dir='ltr'><strong>feeit</strong></span> <span class='ocrx_word' id='word_1_191' title='bbox 717 2702 749 2759; x_wconf 90' lang='lat' dir='ltr'><strong>et</strong></span> <span class='ocrx_word' id='word_1_192' title='bbox 761 2694 912 2772; x_wconf 83' lang='lat' dir='ltr'><strong>adunivit,</strong></span> <span class='ocrx_word' id='word_1_193' title='bbox 925 2693 1187 2781; x_wconf 87' lang='lat' dir='ltr'><strong>quemadmodum</strong></span> <span class='ocrx_word' id='word_1_194' title='bbox 1199 2692 1411 2778; x_wconf 77' lang='lat' dir='ltr'><strong>praediximus,</strong></span> 
     </span>
     <span class='ocr_line' id='line_1_22' title="bbox 254 2793 1412 2871; baseline -0.003 -13"><span class='ocrx_word' id='word_1_195' title='bbox 254 2793 412 2858; x_wconf 91' lang='lat' dir='ltr'><strong>hominem</strong></span> <span class='ocrx_word' id='word_1_196' title='bbox 435 2794 516 2859; x_wconf 93' lang='lat' dir='ltr'><strong>Deo.</strong></span> <span class='ocrx_word' id='word_1_197' title='bbox 556 2795 590 2859; x_wconf 86' lang='lat' dir='ltr'><strong>si</strong></span> <span class='ocrx_word' id='word_1_198' title='bbox 614 2795 698 2859; x_wconf 91' lang='lat' dir='ltr'><strong>enim</strong></span> <span class='ocrx_word' id='word_1_199' title='bbox 719 2795 813 2860; x_wconf 92' lang='lat' dir='ltr'><strong>homo</strong></span> <span class='ocrx_word' id='word_1_200' title='bbox 835 2817 899 2861; x_wconf 91' lang='lat' dir='ltr'><strong>non</strong></span> <span class='ocrx_word' id='word_1_201' title='bbox 922 2796 1048 2860; x_wconf 87' lang='lat' dir='ltr'><strong>vicisset</strong></span> <span class='ocrx_word' id='word_1_202' title='bbox 1077 2795 1237 2858; x_wconf 89' lang='lat' dir='ltr'><strong>inimicum</strong></span> <span class='ocrx_word' id='word_1_203' title='bbox 1266 2793 1412 2871; x_wconf 90' lang='lat' dir='ltr'><strong>hominis,</strong></span> 
     </span>
     <span class='ocr_line' id='line_1_23' title="bbox 254 2895 1413 2982; baseline 0.002 -24"><span class='ocrx_word' id='word_1_204' title='bbox 254 2916 318 2959; x_wconf 90' lang='lat' dir='ltr'><strong>non</strong></span> <span class='ocrx_word' id='word_1_205' title='bbox 329 2898 415 2982; x_wconf 86' lang='lat' dir='ltr'><strong>juste</strong></span> <span class='ocrx_word' id='word_1_206' title='bbox 426 2895 527 2960; x_wconf 86' lang='lat' dir='ltr'><strong>vietus</strong></span> <span class='ocrx_word' id='word_1_207' title='bbox 541 2905 625 2961; x_wconf 90' lang='lat' dir='ltr'><strong>esset</strong></span> <span class='ocrx_word' id='word_1_208' title='bbox 637 2896 790 2962; x_wconf 88' lang='lat' dir='ltr'><strong>inimicus.</strong></span> <span class='ocrx_word' id='word_1_209' title='bbox 819 2899 940 2963; x_wconf 85' lang='lat' dir='ltr'><strong>Rursus</strong></span> <span class='ocrx_word' id='word_1_210' title='bbox 955 2907 1060 2964; x_wconf 90' lang='lat' dir='ltr'><strong>autem</strong></span> <span class='ocrx_word' id='word_1_211' title='bbox 1072 2898 1132 2962; x_wconf 89' lang='lat' dir='ltr'><strong>nisi</strong></span> <span class='ocrx_word' id='word_1_212' title='bbox 1146 2898 1234 2961; x_wconf 88' lang='lat' dir='ltr'><strong>Deus</strong></span> <span class='ocrx_word' id='word_1_213' title='bbox 1249 2896 1413 2960; x_wconf 76' lang='lat' dir='ltr'><strong>⁶donasset</strong></span> 
     </span>
     <span class='ocr_line' id='line_1_24' title="bbox 254 2997 1414 3084; baseline 0.002 -23"><span class='ocrx_word' id='word_1_214' title='bbox 254 2997 399 3073; x_wconf 89' lang='lat' dir='ltr'><strong>salutem,</strong></span> <span class='ocrx_word' id='word_1_215' title='bbox 415 3019 478 3061; x_wconf 91' lang='lat' dir='ltr'><strong>non</strong></span> <span class='ocrx_word' id='word_1_216' title='bbox 492 2998 623 3064; x_wconf 88' lang='lat' dir='ltr'><strong>firmiter</strong></span> <span class='ocrx_word' id='word_1_217' title='bbox 636 3000 822 3065; x_wconf 81' lang='lat' dir='ltr'><strong>haberemus</strong></span> <span class='ocrx_word' id='word_1_218' title='bbox 836 3022 914 3065; x_wconf 87' lang='lat' dir='ltr'><strong>eam.</strong></span> <span class='ocrx_word' id='word_1_219' title='bbox 962 3001 1007 3066; x_wconf 90' lang='lat' dir='ltr'><strong>Et</strong></span> <span class='ocrx_word' id='word_1_220' title='bbox 1022 3000 1081 3065; x_wconf 91' lang='lat' dir='ltr'><strong>nisi</strong></span> <span class='ocrx_word' id='word_1_221' title='bbox 1101 3002 1194 3064; x_wconf 91' lang='lat' dir='ltr'><strong>homo</strong></span> <span class='ocrx_word' id='word_1_222' title='bbox 1210 2999 1414 3084; x_wconf 83' lang='lat' dir='ltr'><strong>⁰conjunctus</strong></span> 
     </span>
     <span class='ocr_line' id='line_1_25' title="bbox 254 3098 1414 3188; baseline 0.002 -25"><span class='ocrx_word' id='word_1_223' title='bbox 254 3098 365 3163; x_wconf 85' lang='lat' dir='ltr'><strong>fuisset</strong></span> <span class='ocrx_word' id='word_1_224' title='bbox 380 3100 460 3176; x_wconf 92' lang='lat' dir='ltr'><strong>Deo,</strong></span> <span class='ocrx_word' id='word_1_225' title='bbox 476 3121 538 3163; x_wconf 93' lang='lat' dir='ltr'><strong>non</strong></span> <span class='ocrx_word' id='word_1_226' title='bbox 548 3101 701 3185; x_wconf 87' lang='lat' dir='ltr'><strong>potuisset</strong></span> <span class='ocrx_word' id='word_1_227' title='bbox 714 3103 871 3188; x_wconf 87' lang='lat' dir='ltr'><strong>particeps</strong></span> <span class='ocrx_word' id='word_1_228' title='bbox 885 3104 953 3168; x_wconf 90' lang='lat' dir='ltr'><strong>fieri</strong></span> <span class='ocrx_word' id='word_1_229' title='bbox 968 3103 1278 3186; x_wconf 87' lang='lat' dir='ltr'><strong>incorruptibilitatis.</strong></span> <span class='ocrx_word' id='word_1_230' title='bbox 1314 3101 1414 3188; x_wconf 91' lang='lat' dir='ltr'><strong>Opor-</strong></span> 
     </span>
     <span class='ocr_line' id='line_1_26' title="bbox 255 3205 1415 3296; baseline 0.003 -28"><span class='ocrx_word' id='word_1_231' title='bbox 255 3211 358 3269; x_wconf 84' lang='lat' dir='ltr'><strong>tuerat</strong></span> <span class='ocrx_word' id='word_1_232' title='bbox 372 3205 455 3269; x_wconf 90' lang='lat' dir='ltr'><strong>enim</strong></span> <span class='ocrx_word' id='word_1_233' title='bbox 473 3205 680 3272; x_wconf 88' lang='lat' dir='ltr'><strong>Mediatorem</strong></span> <span class='ocrx_word' id='word_1_234' title='bbox 695 3207 757 3272; x_wconf 87' lang='lat' dir='ltr'><strong>Dei</strong></span> <span class='ocrx_word' id='word_1_235' title='bbox 779 3216 812 3274; x_wconf 92' lang='lat' dir='ltr'><strong>et</strong></span> <span class='ocrx_word' id='word_1_236' title='bbox 832 3209 1003 3289; x_wconf 90' lang='lat' dir='ltr'><strong>hominum,</strong></span> <span class='ocrx_word' id='word_1_237' title='bbox 1021 3233 1077 3296; x_wconf 91' lang='lat' dir='ltr'><strong>per</strong></span> <span class='ocrx_word' id='word_1_238' title='bbox 1097 3232 1186 3275; x_wconf 84' lang='lat' dir='ltr'><strong>suam</strong></span> <span class='ocrx_word' id='word_1_239' title='bbox 1208 3209 1250 3274; x_wconf 90' lang='lat' dir='ltr'><strong>ad</strong></span> <span class='ocrx_word' id='word_1_240' title='bbox 1267 3216 1415 3293; x_wconf 87' lang='lat' dir='ltr'><strong>utrosque</strong></span> 
     </span>
    </p>
   </div>
   <div class='ocr_carea' id='block_1_9' title="bbox 255 3411 1418 4620">
    <p class='ocr_par' dir='ltr' id='par_1_10' title="bbox 255 3411 1418 4620">
     <span class='ocr_line' id='line_1_27' title="bbox 304 3411 1412 3481; baseline 0.001 -19"><span class='ocrx_word' id='word_1_241' title='bbox 304 3411 314 3444; x_wconf 81' lang='lat'>¹</span> <span class='ocrx_word' id='word_1_242' title='bbox 323 3429 371 3475; x_wconf 74' lang='lat' dir='ltr'><strong>pro</strong></span> <span class='ocrx_word' id='word_1_243' title='bbox 379 3413 499 3476; x_wconf 69' lang='lat' dir='ltr'><strong>patritam,</strong></span> <span class='ocrx_word' id='word_1_244' title='bbox 511 3416 564 3463; x_wconf 72' lang='lat' dir='ltr'><strong>duri</strong></span> <span class='ocrx_word' id='word_1_245' title='bbox 572 3417 620 3464; x_wconf 82' lang='grc' dir='ltr'>τῶν</span> <span class='ocrx_word' id='word_1_246' title='bbox 631 3418 736 3479; x_wconf 74' lang='grc' dir='ltr'>πατρῶν.</span> <span class='ocrx_word' id='word_1_247' title='bbox 755 3417 808 3467; x_wconf 83' lang='lat' dir='ltr'><strong>The</strong></span> <span class='ocrx_word' id='word_1_248' title='bbox 859 3420 906 3478; x_wconf 69' lang='grc' dir='ltr'><strong>ζωὴ</strong></span> <span class='ocrx_word' id='word_1_249' title='bbox 918 3420 1078 3481; x_wconf 76' lang='grc' dir='ltr'>προσεπλάκη</span> <span class='ocrx_word' id='word_1_250' title='bbox 1089 3419 1125 3479; x_wconf 70' lang='lat' dir='ltr'><strong>roi</strong></span> <span class='ocrx_word' id='word_1_251' title='bbox 1134 3420 1179 3477; x_wconf 77' lang='grc' dir='ltr'>τὴν</span> <span class='ocrx_word' id='word_1_252' title='bbox 1187 3418 1279 3480; x_wconf 78' lang='grc' dir='ltr'>φθορὰν</span> <span class='ocrx_word' id='word_1_253' title='bbox 1287 3417 1412 3476; x_wconf 79' lang='grc' dir='ltr'>δεξαμένῳ,</span> 
     </span>
     <span class='ocr_line' id='line_1_28' title="bbox 255 3494 1415 3563; baseline 0.002 -20"><span class='ocrx_word' id='word_1_254' title='bbox 255 3494 470 3545; x_wconf 85' lang='lat' dir='ltr'><strong>readarwillhors</strong></span> <span class='ocrx_word' id='word_1_255' title='bbox 481 3497 590 3557; x_wconf 83' lang='lat' dir='ltr'><strong>observa,</strong></span> <span class='ocrx_word' id='word_1_256' title='bbox 603 3499 646 3547; x_wconf 89' lang='lat' dir='ltr'><strong>the</strong></span> <span class='ocrx_word' id='word_1_257' title='bbox 657 3499 722 3547; x_wconf 86' lang='lat' dir='ltr'><strong>clear</strong></span> <span class='ocrx_word' id='word_1_258' title='bbox 733 3504 808 3549; x_wconf 83' lang='lat' dir='ltr'><strong>state·</strong></span> <span class='ocrx_word' id='word_1_259' title='bbox 859 3503 1008 3563; x_wconf 69' lang='grc' dir='ltr'>ἀφανίζουσα</span> <span class='ocrx_word' id='word_1_260' title='bbox 1034 3502 1078 3560; x_wconf 76' lang='grc' dir='ltr'>μὲν</span> <span class='ocrx_word' id='word_1_261' title='bbox 1100 3503 1146 3560; x_wconf 77' lang='grc' dir='ltr'>τὴν</span> <span class='ocrx_word' id='word_1_262' title='bbox 1170 3501 1269 3562; x_wconf 78' lang='grc' dir='ltr'>φθορὰν,</span> <span class='ocrx_word' id='word_1_263' title='bbox 1295 3500 1415 3547; x_wconf 79' lang='grc' dir='ltr'>ἀθάνατον</span> 
     </span>
     <span class='ocr_line' id='line_1_29' title="bbox 255 3577 1414 3642; baseline 0.004 -18"><span class='ocrx_word' id='word_1_264' title='bbox 255 3581 326 3625; x_wconf 89' lang='lat' dir='ltr'><strong>ment</strong></span> <span class='ocrx_word' id='word_1_265' title='bbox 339 3577 367 3626; x_wconf 86' lang='lat' dir='ltr'><strong>of</strong></span> <span class='ocrx_word' id='word_1_266' title='bbox 379 3577 422 3626; x_wconf 85' lang='lat' dir='ltr'><strong>the</strong></span> <span class='ocrx_word' id='word_1_267' title='bbox 433 3579 543 3627; x_wconf 84' lang='lat' dir='ltr'><strong>doctrino</strong></span> <span class='ocrx_word' id='word_1_268' title='bbox 555 3580 583 3627; x_wconf 85' lang='lat' dir='ltr'><strong>of</strong></span> <span class='ocrx_word' id='word_1_269' title='bbox 591 3580 634 3628; x_wconf 86' lang='lat' dir='ltr'><strong>the</strong></span> <span class='ocrx_word' id='word_1_270' title='bbox 644 3582 806 3642; x_wconf 86' lang='lat' dir='ltr'><strong>Atonement‚</strong></span> <span class='ocrx_word' id='word_1_271' title='bbox 860 3586 886 3633; x_wconf 77' lang='grc' dir='ltr'><strong>δὲ</strong></span> <span class='ocrx_word' id='word_1_272' title='bbox 909 3585 953 3632; x_wconf 83' lang='grc' dir='ltr'><strong>τοῦ</strong></span> <span class='ocrx_word' id='word_1_273' title='bbox 969 3584 1057 3631; x_wconf 76' lang='grc' dir='ltr'>λοιποῦ</span> <span class='ocrx_word' id='word_1_274' title='bbox 1075 3585 1104 3631; x_wconf 84' lang='grc' dir='ltr'><strong>τὸ</strong></span> <span class='ocrx_word' id='word_1_275' title='bbox 1122 3583 1247 3642; x_wconf 77' lang='grc' dir='ltr'>δεξάμενον</span> <span class='ocrx_word' id='word_1_276' title='bbox 1260 3581 1414 3642; x_wconf 80' lang='grc' dir='ltr'>διατηροῦσα.</span> 
     </span>
     <span class='ocr_line' id='line_1_30' title="bbox 256 3658 1417 3726; baseline 0.003 -20"><span class='ocrx_word' id='word_1_277' title='bbox 256 3658 372 3723; x_wconf 85' lang='lat' dir='ltr'><strong>whereby</strong></span> <span class='ocrx_word' id='word_1_278' title='bbox 383 3659 454 3707; x_wconf 89' lang='lat' dir='ltr'><strong>alone</strong></span> <span class='ocrx_word' id='word_1_279' title='bbox 465 3661 503 3708; x_wconf 87' lang='lat' dir='ltr'><strong>sin</strong></span> <span class='ocrx_word' id='word_1_280' title='bbox 515 3661 536 3709; x_wconf 89' lang='lat' dir='ltr'><strong>ie</strong></span> <span class='ocrx_word' id='word_1_281' title='bbox 547 3661 611 3709; x_wconf 90' lang='lat' dir='ltr'><strong>done</strong></span> <span class='ocrx_word' id='word_1_282' title='bbox 622 3678 703 3726; x_wconf 84' lang='lat' dir='ltr'><strong>away.</strong></span> <span class='ocrx_word' id='word_1_283' title='bbox 860 3665 907 3712; x_wconf 75' lang='grc' dir='ltr'><strong>Διά</strong></span> <span class='ocrx_word' id='word_1_284' title='bbox 925 3665 998 3712; x_wconf 74' lang='grc' dir='ltr'>τοῦτο</span> <span class='ocrx_word' id='word_1_285' title='bbox 1015 3664 1056 3712; x_wconf 83' lang='grc' dir='ltr'>τὸν</span> <span class='ocrx_word' id='word_1_286' title='bbox 1075 3664 1154 3724; x_wconf 79' lang='grc' dir='ltr'>Λόγον</span> <span class='ocrx_word' id='word_1_287' title='bbox 1174 3663 1270 3721; x_wconf 74' lang='grc' dir='ltr'>ἐδέησεν</span> <span class='ocrx_word' id='word_1_288' title='bbox 1281 3663 1305 3710; x_wconf 73' lang='grc' dir='ltr'>ἐν</span> <span class='ocrx_word' id='word_1_289' title='bbox 1322 3663 1417 3719; x_wconf 84' lang='grc' dir='ltr'>σώματι</span> 
     </span>
     <span class='ocr_line' id='line_1_31' title="bbox 306 3738 1417 3806; baseline 0.001 -18"><span class='ocrx_word' id='word_1_290' title='bbox 306 3738 318 3770; x_wconf 83' lang='lat'><strong>¹</strong></span> <span class='ocrx_word' id='word_1_291' title='bbox 333 3740 385 3791; x_wconf 84' lang='lat' dir='ltr'><strong>Aa.</strong></span> <span class='ocrx_word' id='word_1_292' title='bbox 399 3740 486 3790; x_wconf 75' lang='grc' dir='ltr'>οὸαιεά.</span> <span class='ocrx_word' id='word_1_293' title='bbox 494 3778 513 3791; x_wconf 92' lang='grc'><strong>..</strong></span> <span class='ocrx_word' id='word_1_294' title='bbox 522 3779 527 3791; x_wconf 93' lang='grc'><strong>.</strong></span> <span class='ocrx_word' id='word_1_295' title='bbox 537 3741 753 3793; x_wconf 76' lang='lat' dir='ltr'><strong>inobaudientiam.</strong></span> <span class='ocrx_word' id='word_1_296' title='bbox 860 3746 981 3806; x_wconf 74' lang='grc' dir='ltr'>γενέσθαι,</span> <span class='ocrx_word' id='word_1_297' title='bbox 995 3745 1033 3793; x_wconf 72' lang='grc' dir='ltr'>ἵνα</span> <span class='ocrx_word' id='word_1_298' title='bbox 1044 3746 1088 3792; x_wconf 81' lang='grc' dir='ltr'><strong>τοῦ</strong></span> <span class='ocrx_word' id='word_1_299' title='bbox 1100 3745 1203 3791; x_wconf 76' lang='grc' dir='ltr'>θανάτου</span> <span class='ocrx_word' id='word_1_300' title='bbox 1214 3744 1259 3801; x_wconf 74' lang='grc' dir='ltr'>τὴν</span> <span class='ocrx_word' id='word_1_301' title='bbox 1271 3744 1334 3792; x_wconf 80' lang='grc' dir='ltr'>κατὰ</span> <span class='ocrx_word' id='word_1_302' title='bbox 1345 3744 1417 3804; x_wconf 80' lang='grc' dir='ltr'>φύσιν</span> 
     </span>
     <span class='ocr_line' id='line_1_32' title="bbox 305 3820 1415 3888; baseline 0.001 -18"><span class='ocrx_word' id='word_1_303' title='bbox 305 3820 317 3853; x_wconf 83' lang='lat'><strong>¹</strong></span> <span class='ocrx_word' id='word_1_304' title='bbox 329 3822 471 3884; x_wconf 65' lang='grc' dir='ltr'>μενεαίνων,</span> <span class='ocrx_word' id='word_1_305' title='bbox 487 3824 596 3873; x_wconf 78' lang='grc' dir='ltr'>διαλύων.</span> <span class='ocrx_word' id='word_1_306' title='bbox 861 3828 924 3886; x_wconf 78' lang='grc' dir='ltr'>ἡμᾶν</span> <span class='ocrx_word' id='word_1_307' title='bbox 936 3826 1026 3887; x_wconf 73' lang='grc' dir='ltr'>φθορᾶς</span> <span class='ocrx_word' id='word_1_308' title='bbox 1040 3827 1197 3886; x_wconf 76' lang='grc' dir='ltr'>ἐλευθερώσῃ.</span> <span class='ocrx_word' id='word_1_309' title='bbox 1214 3824 1286 3873; x_wconf 88' lang='lat' dir='ltr'><strong>Tom.</strong></span> <span class='ocrx_word' id='word_1_310' title='bbox 1294 3836 1313 3874; x_wconf 94' lang='lat'><strong>1.</strong></span> <span class='ocrx_word' id='word_1_311' title='bbox 1326 3841 1351 3888; x_wconf 92' lang='lat' dir='ltr'><strong>p.</strong></span> <span class='ocrx_word' id='word_1_312' title='bbox 1362 3835 1415 3885; x_wconf 72' lang='grc' dir='ltr'>νην.</span> 
     </span>
     <span class='ocr_line' id='line_1_33' title="bbox 305 3902 1142 3968; baseline 0.005 -17"><span class='ocrx_word' id='word_1_313' title='bbox 305 3902 316 3933; x_wconf 77' lang='lat'><strong>⁴</strong></span> <span class='ocrx_word' id='word_1_314' title='bbox 332 3903 351 3951; x_wconf 87' lang='lat' dir='ltr'><strong>J</strong></span> <span class='ocrx_word' id='word_1_315' title='bbox 354 3915 431 3952; x_wconf 85' lang='lat' dir='ltr'><strong>usrru</strong></span> <span class='ocrx_word' id='word_1_316' title='bbox 452 3903 571 3951; x_wconf 70' lang='lat' dir='ltr'><strong>Maenia</strong></span> <span class='ocrx_word' id='word_1_317' title='bbox 587 3903 637 3952; x_wconf 81' lang='lat' dir='ltr'><strong>had</strong></span> <span class='ocrx_word' id='word_1_318' title='bbox 653 3904 753 3968; x_wconf 76' lang='lat' dir='ltr'><strong>already</strong></span> <span class='ocrx_word' id='word_1_319' title='bbox 770 3921 811 3953; x_wconf 87' lang='lat' dir='ltr'><strong>ex·</strong></span> <span class='ocrx_word' id='word_1_320' title='bbox 910 3907 921 3938; x_wconf 77' lang='lat'>³</span> <span class='ocrx_word' id='word_1_321' title='bbox 941 3908 985 3956; x_wconf 85' lang='lat' dir='ltr'><strong>cn.</strong></span> <span class='ocrx_word' id='word_1_322' title='bbox 999 3906 1093 3956; x_wconf 78' lang='lat' dir='ltr'><strong>donam</strong></span> <span class='ocrx_word' id='word_1_323' title='bbox 1103 3913 1142 3955; x_wconf 81' lang='lat' dir='ltr'><strong>est.</strong></span> 
     </span>
     <span class='ocr_line' id='line_1_34' title="bbox 256 3984 1416 4050; baseline 0.001 -18"><span class='ocrx_word' id='word_1_324' title='bbox 256 3984 356 4049; x_wconf 84' lang='lat' dir='ltr'><strong>preesed</strong></span> <span class='ocrx_word' id='word_1_325' title='bbox 372 3985 416 4033; x_wconf 85' lang='lat' dir='ltr'><strong>the</strong></span> <span class='ocrx_word' id='word_1_326' title='bbox 437 4000 505 4033; x_wconf 83' lang='lat' dir='ltr'><strong>same</strong></span> <span class='ocrx_word' id='word_1_327' title='bbox 526 3985 582 4033; x_wconf 89' lang='lat' dir='ltr'><strong>idea</strong></span> <span class='ocrx_word' id='word_1_328' title='bbox 603 3986 629 4033; x_wconf 88' lang='lat' dir='ltr'><strong>in</strong></span> <span class='ocrx_word' id='word_1_329' title='bbox 651 3986 690 4034; x_wconf 84' lang='lat' dir='ltr'><strong>his</strong></span> <span class='ocrx_word' id='word_1_330' title='bbox 712 3987 812 4035; x_wconf 86' lang='lat' dir='ltr'><strong>treatise</strong></span> <span class='ocrx_word' id='word_1_331' title='bbox 911 3988 1083 4050; x_wconf 64' lang='lat' dir='ltr'><strong>‘conjunctus</strong></span> <span class='ocrx_word' id='word_1_332' title='bbox 1114 3988 1223 4047; x_wconf 67' lang='lat' dir='ltr'><strong>Cursu,</strong></span> <span class='ocrx_word' id='word_1_333' title='bbox 1237 3986 1319 4036; x_wconf 83' lang='lat' dir='ltr'><strong>Voss.</strong></span> <span class='ocrx_word' id='word_1_334' title='bbox 1336 3986 1416 4036; x_wconf 80' lang='lat' dir='ltr'><strong>couni-</strong></span> 
     </span>
     <span class='ocr_line' id='line_1_35' title="bbox 257 4066 1414 4130; baseline 0 -16"><span class='ocrx_word' id='word_1_335' title='bbox 257 4067 322 4114; x_wconf 78' lang='grc' dir='ltr'>κατὰ</span> <span class='ocrx_word' id='word_1_336' title='bbox 335 4068 466 4126; x_wconf 76' lang='grc' dir='ltr'>Ἑλλήνων,</span> <span class='ocrx_word' id='word_1_337' title='bbox 481 4083 497 4114; x_wconf 87' lang='lat' dir='ltr'><strong>a</strong></span> <span class='ocrx_word' id='word_1_338' title='bbox 512 4066 638 4130; x_wconf 80' lang='lat' dir='ltr'><strong>fragment</strong></span> <span class='ocrx_word' id='word_1_339' title='bbox 652 4066 682 4115; x_wconf 77' lang='lat' dir='ltr'><strong>of</strong></span> <span class='ocrx_word' id='word_1_340' title='bbox 695 4068 776 4116; x_wconf 85' lang='lat' dir='ltr'><strong>which</strong></span> <span class='ocrx_word' id='word_1_341' title='bbox 791 4068 812 4117; x_wconf 88' lang='lat' dir='ltr'><strong>is</strong></span> <span class='ocrx_word' id='word_1_342' title='bbox 861 4078 907 4130; x_wconf 81' lang='lat' dir='ltr'><strong>tus,</strong></span> <span class='ocrx_word' id='word_1_343' title='bbox 921 4071 968 4118; x_wconf 89' lang='lat' dir='ltr'><strong>but</strong></span> <span class='ocrx_word' id='word_1_344' title='bbox 979 4071 1035 4118; x_wconf 87' lang='lat' dir='ltr'><strong>that</strong></span> <span class='ocrx_word' id='word_1_345' title='bbox 1047 4069 1114 4117; x_wconf 80' lang='lat' dir='ltr'><strong>word</strong></span> <span class='ocrx_word' id='word_1_346' title='bbox 1126 4085 1213 4117; x_wconf 87' lang='lat' dir='ltr'><strong>occurs</strong></span> <span class='ocrx_word' id='word_1_347' title='bbox 1227 4068 1342 4116; x_wconf 80' lang='lat' dir='ltr'><strong>nowhere</strong></span> <span class='ocrx_word' id='word_1_348' title='bbox 1358 4067 1414 4115; x_wconf 89' lang='lat' dir='ltr'><strong>else.</strong></span> 
     </span>
     <span class='ocr_line' id='line_1_36' title="bbox 257 4148 1417 4215; baseline -0.001 -18"><span class='ocrx_word' id='word_1_349' title='bbox 257 4148 336 4198; x_wconf 81' lang='lat' dir='ltr'><strong>found</strong></span> <span class='ocrx_word' id='word_1_350' title='bbox 347 4151 373 4198; x_wconf 93' lang='lat' dir='ltr'><strong>in</strong></span> <span class='ocrx_word' id='word_1_351' title='bbox 385 4150 428 4200; x_wconf 85' lang='lat' dir='ltr'><strong>tho</strong></span> <span class='ocrx_word' id='word_1_352' title='bbox 440 4166 543 4215; x_wconf 81' lang='lat' dir='ltr'><strong>passage</strong></span> <span class='ocrx_word' id='word_1_353' title='bbox 559 4150 587 4198; x_wconf 88' lang='lat' dir='ltr'><strong>of</strong></span> <span class='ocrx_word' id='word_1_354' title='bbox 597 4151 635 4199; x_wconf 84' lang='lat' dir='ltr'><strong>his</strong></span> <span class='ocrx_word' id='word_1_355' title='bbox 646 4150 771 4214; x_wconf 63' lang='lat' dir='ltr'><strong>Spicilcy„</strong></span> <span class='ocrx_word' id='word_1_356' title='bbox 785 4157 812 4199; x_wconf 91' lang='lat' dir='ltr'><strong>to</strong></span> <span class='ocrx_word' id='word_1_357' title='bbox 863 4151 891 4200; x_wconf 90' lang='lat' dir='ltr'><strong>It</strong></span> <span class='ocrx_word' id='word_1_358' title='bbox 901 4151 991 4200; x_wconf 88' lang='lat' dir='ltr'><strong>should</strong></span> <span class='ocrx_word' id='word_1_359' title='bbox 1002 4152 1066 4199; x_wconf 89' lang='lat' dir='ltr'><strong>have</strong></span> <span class='ocrx_word' id='word_1_360' title='bbox 1076 4152 1138 4199; x_wconf 92' lang='lat' dir='ltr'><strong>been</strong></span> <span class='ocrx_word' id='word_1_361' title='bbox 1148 4151 1279 4209; x_wconf 76' lang='grc' dir='ltr'>αείωηαεωε,</span> <span class='ocrx_word' id='word_1_362' title='bbox 1290 4166 1319 4198; x_wconf 92' lang='lat' dir='ltr'><strong>or</strong></span> <span class='ocrx_word' id='word_1_363' title='bbox 1326 4149 1417 4212; x_wconf 88' lang='lat' dir='ltr'><strong>simply</strong></span> 
     </span>
     <span class='ocr_line' id='line_1_37' title="bbox 257 4231 1417 4294; baseline 0 -16"><span class='ocrx_word' id='word_1_364' title='bbox 257 4231 338 4278; x_wconf 84' lang='lat' dir='ltr'><strong>which</strong></span> <span class='ocrx_word' id='word_1_365' title='bbox 357 4231 452 4279; x_wconf 73' lang='lat' dir='ltr'><strong>Gener</strong></span> <span class='ocrx_word' id='word_1_366' title='bbox 469 4232 545 4280; x_wconf 85' lang='lat' dir='ltr'><strong>refers</strong></span> <span class='ocrx_word' id='word_1_367' title='bbox 563 4231 606 4279; x_wconf 90' lang='lat' dir='ltr'><strong>the</strong></span> <span class='ocrx_word' id='word_1_368' title='bbox 623 4232 721 4280; x_wconf 84' lang='lat' dir='ltr'><strong>reader:</strong></span> <span class='ocrx_word' id='word_1_369' title='bbox 740 4234 812 4294; x_wconf 81' lang='grc' dir='ltr'>φύσει</span> <span class='ocrx_word' id='word_1_370' title='bbox 863 4232 953 4281; x_wconf 79' lang='lat' dir='ltr'><strong>unitus.</strong></span> <span class='ocrx_word' id='word_1_371' title='bbox 983 4233 1082 4292; x_wconf 88' lang='lat' dir='ltr'><strong>Ihave,</strong></span> <span class='ocrx_word' id='word_1_372' title='bbox 1103 4232 1231 4291; x_wconf 82' lang='lat' dir='ltr'><strong>therefore,</strong></span> <span class='ocrx_word' id='word_1_373' title='bbox 1246 4231 1357 4279; x_wconf 86' lang='lat' dir='ltr'><strong>retained</strong></span> <span class='ocrx_word' id='word_1_374' title='bbox 1374 4231 1417 4278; x_wconf 88' lang='lat' dir='ltr'><strong>the</strong></span> 
     </span>
     <span class='ocr_line' id='line_1_38' title="bbox 258 4311 1418 4382; baseline 0.001 -24"><span class='ocrx_word' id='word_1_375' title='bbox 258 4311 285 4358; x_wconf 75' lang='lat' dir='ltr'><strong>tr</strong></span> <span class='ocrx_word' id='word_1_376' title='bbox 299 4313 342 4370; x_wconf 78' lang='grc' dir='ltr'><strong>τῆς</strong></span> <span class='ocrx_word' id='word_1_377' title='bbox 359 4315 449 4373; x_wconf 77' lang='grc' dir='ltr'>φθορᾶς</span> <span class='ocrx_word' id='word_1_378' title='bbox 466 4314 662 4375; x_wconf 71' lang='grc' dir='ltr'>προσγενομένης,</span> <span class='ocrx_word' id='word_1_379' title='bbox 683 4315 813 4374; x_wconf 78' lang='grc' dir='ltr'>ἀναγκαῖον</span> <span class='ocrx_word' id='word_1_380' title='bbox 863 4315 933 4363; x_wconf 84' lang='lat' dir='ltr'><strong>word</strong></span> <span class='ocrx_word' id='word_1_381' title='bbox 954 4315 1062 4379; x_wconf 88' lang='lat' dir='ltr'><strong>adopted</strong></span> <span class='ocrx_word' id='word_1_382' title='bbox 1084 4316 1119 4378; x_wconf 89' lang='lat' dir='ltr'><strong>by</strong></span> <span class='ocrx_word' id='word_1_383' title='bbox 1136 4314 1231 4363; x_wconf 74' lang='lat' dir='ltr'><strong>Gsm</strong></span> <span class='ocrx_word' id='word_1_384' title='bbox 1249 4314 1313 4361; x_wconf 81' lang='lat' dir='ltr'><strong>from</strong></span> <span class='ocrx_word' id='word_1_385' title='bbox 1331 4312 1418 4382; x_wconf 78' lang='lat' dir='ltr'><strong>earlier</strong></span> 
     </span>
     <span class='ocr_line' id='line_1_39' title="bbox 258 4390 1418 4458; baseline 0.002 -20"><span class='ocrx_word' id='word_1_386' title='bbox 258 4390 294 4449; x_wconf 81' lang='grc' dir='ltr'>ἦν,</span> <span class='ocrx_word' id='word_1_387' title='bbox 316 4395 353 4439; x_wconf 82' lang='grc' dir='ltr'><strong>ὄτι</strong></span> <span class='ocrx_word' id='word_1_388' title='bbox 376 4395 453 4441; x_wconf 76' lang='grc' dir='ltr'>σῶσον</span> <span class='ocrx_word' id='word_1_389' title='bbox 472 4396 615 4455; x_wconf 81' lang='grc' dir='ltr'>βουλόμενος</span> <span class='ocrx_word' id='word_1_390' title='bbox 632 4393 651 4453; x_wconf 68' lang='lat' dir='ltr'><strong>’i</strong></span> <span class='ocrx_word' id='word_1_391' title='bbox 666 4396 711 4454; x_wconf 79' lang='grc' dir='ltr'>τὴν</span> <span class='ocrx_word' id='word_1_392' title='bbox 728 4397 813 4457; x_wconf 63' lang='lat' dir='ltr'><strong>edepo-</strong></span> <span class='ocrx_word' id='word_1_393' title='bbox 863 4396 977 4455; x_wconf 85' lang='lat' dir='ltr'><strong>editions,</strong></span> <span class='ocrx_word' id='word_1_394' title='bbox 990 4397 1072 4444; x_wconf 85' lang='lat' dir='ltr'><strong>where</strong></span> <span class='ocrx_word' id='word_1_395' title='bbox 1084 4397 1104 4443; x_wconf 93' lang='lat' dir='ltr'><strong>it</strong></span> <span class='ocrx_word' id='word_1_396' title='bbox 1115 4412 1165 4443; x_wconf 86' lang='lat' dir='ltr'><strong>was</strong></span> <span class='ocrx_word' id='word_1_397' title='bbox 1176 4394 1275 4458; x_wconf 88' lang='lat' dir='ltr'><strong>printed</strong></span> <span class='ocrx_word' id='word_1_398' title='bbox 1291 4410 1323 4441; x_wconf 91' lang='lat' dir='ltr'><strong>uo</strong></span> <span class='ocrx_word' id='word_1_399' title='bbox 1338 4393 1418 4441; x_wconf 88' lang='lat' dir='ltr'><strong>doubt</strong></span> 
     </span>
     <span class='ocr_line' id='line_1_40' title="bbox 257 4473 1415 4539; baseline 0.002 -21"><span class='ocrx_word' id='word_1_400' title='bbox 257 4473 327 4520; x_wconf 79' lang='grc' dir='ltr'>ποιὸν</span> <span class='ocrx_word' id='word_1_401' title='bbox 341 4474 423 4521; x_wconf 76' lang='grc' dir='ltr'>οὐσίαν</span> <span class='ocrx_word' id='word_1_402' title='bbox 437 4475 564 4535; x_wconf 77' lang='grc' dir='ltr'>ἀφανίσας.</span> <span class='ocrx_word' id='word_1_403' title='bbox 595 4476 710 4524; x_wconf 59' lang='lat' dir='ltr'><strong>Tomoe&amp;</strong></span> <span class='ocrx_word' id='word_1_404' title='bbox 725 4478 767 4524; x_wconf 77' lang='lat' dir='ltr'><strong>cdx</strong></span> <span class='ocrx_word' id='word_1_405' title='bbox 783 4476 814 4536; x_wconf 82' lang='grc' dir='ltr'>ἤν</span> <span class='ocrx_word' id='word_1_406' title='bbox 863 4493 931 4539; x_wconf 91' lang='lat' dir='ltr'><strong>upon</strong></span> <span class='ocrx_word' id='word_1_407' title='bbox 949 4476 1072 4524; x_wconf 85' lang='lat' dir='ltr'><strong>sufficient</strong></span> <span class='ocrx_word' id='word_1_408' title='bbox 1095 4474 1152 4524; x_wconf 81' lang='lat' dir='ltr'><strong>MS.</strong></span> <span class='ocrx_word' id='word_1_409' title='bbox 1177 4475 1314 4537; x_wconf 80' lang='lat' dir='ltr'><strong>authority.</strong></span> <span class='ocrx_word' id='word_1_410' title='bbox 1352 4473 1415 4532; x_wconf 67' lang='lat' dir='ltr'><strong>Art,</strong></span> 
     </span>
     <span class='ocr_line' id='line_1_41' title="bbox 259 4553 1375 4620; baseline 0.001 -20"><span class='ocrx_word' id='word_1_411' title='bbox 259 4553 344 4614; x_wconf 73' lang='grc' dir='ltr'>ἑτέρως</span> <span class='ocrx_word' id='word_1_412' title='bbox 359 4556 480 4614; x_wconf 79' lang='grc' dir='ltr'>γενέσθαι,</span> <span class='ocrx_word' id='word_1_413' title='bbox 499 4558 520 4603; x_wconf 80' lang='grc' dir='ltr'>εὶ</span> <span class='ocrx_word' id='word_1_414' title='bbox 536 4559 617 4620; x_wconf 80' lang='grc' dir='ltr'>μήπερ</span> <span class='ocrx_word' id='word_1_415' title='bbox 632 4558 648 4615; x_wconf 78' lang='grc' dir='ltr'><strong>ἡ</strong></span> <span class='ocrx_word' id='word_1_416' title='bbox 663 4560 727 4608; x_wconf 79' lang='grc' dir='ltr'>κατὰ</span> <span class='ocrx_word' id='word_1_417' title='bbox 742 4559 814 4620; x_wconf 78' lang='grc' dir='ltr'>φύσιν</span> <span class='ocrx_word' id='word_1_418' title='bbox 864 4557 952 4606; x_wconf 74' lang='lat' dir='ltr'><strong>Multo.</strong></span> <span class='ocrx_word' id='word_1_419' title='bbox 966 4568 995 4606; x_wconf 91' lang='lat'><strong>11.</strong></span> <span class='ocrx_word' id='word_1_420' title='bbox 1008 4556 1058 4604; x_wconf 87' lang='lat' dir='ltr'><strong>aud</strong></span> <span class='ocrx_word' id='word_1_421' title='bbox 1070 4555 1173 4604; x_wconf 77' lang='lat' dir='ltr'><strong>Esnsu.</strong></span> <span class='ocrx_word' id='word_1_422' title='bbox 1186 4555 1250 4604; x_wconf 82' lang='lat' dir='ltr'><strong>have</strong></span> <span class='ocrx_word' id='word_1_423' title='bbox 1261 4553 1375 4617; x_wconf 63' lang='lat' dir='ltr'><strong>coquite.</strong></span> 
     </span>
    </p>
   </div>
   <div class='ocr_carea' id='block_1_10' title="bbox 0 0 1514 4994">
    <p class='ocr_par' dir='ltr' id='par_1_11' title="bbox 0 0 1514 4994">
     <span class='ocr_line' id='line_1_42' title="bbox 0 0 1514 4994; baseline 0 0"><span class='ocrx_word' id='word_1_424' title='bbox 0 0 1514 4994; x_wconf 95' lang='lat' dir='ltr'><strong> </strong></span> 
     </span>
    </p>
   </div>
  </div>
 </body>
</html>
