3000 4994
494 410 547 464 nn
569 409 703 464 nonan
725 409 888 463 nouum.
1195 397 1260 463 281

107 571 208 627 antem
222 561 440 641 olrnntoscsntr,
456 564 539 629 dicit
553 586 608 629 ren
622 565 789 630 minntnis:
812 562 940 629 ¹Tollits
959 585 1026 628 enm
1048 585 1071 629 a
1090 563 1220 650 podilns
1234 572 1262 630 ot
1297 585 1350 626 nin.
1361 585 1402 627 ru.

106 664 257 744 monibus,
273 675 302 730 et
315 667 425 732 nitate
444 688 512 732 cnm
532 668 567 731 in
584 666 809 754 tenebramur
832 677 903 731 amat
920 667 1102 732 memoror:
1131 667 1176 732 idi
1201 669 1261 732 orit
1299 633 1395 764 ‘llffitl

97 770 192 853 flotus
220 779 249 835 st
275 770 391 835 stridn
419 772 565 837 dentium.
612 771 713 837 Multi
738 772 820 836 snim
848 780 918 836 nunt
939 772 1049 850 monti,
1067 771 1169 858 pauci
1190 793 1261 836 nero
1286 751 1412 857 ¹125ss

173 977 203 1041 6.
250 977 420 1043 Manifeste
439 978 570 1045 enimet
592 1000 648 1065 per
668 979 736 1046 luec
756 981 850 1044 verbs
871 1001 929 1045 sua
944 981 1083 1045 ostendit
1104 980 1260 1046 Dominus

106 1080 220 1157 omnia,
236 1087 270 1144 et
287 1081 433 1165 quoniam
446 1103 528 1146 unus
542 1104 598 1147 rex
617 1090 652 1148 et
671 1082 826 1148 Dominus
840 1083 979 1149 omnium
1003 1084 1110 1159 Pater,
1127 1084 1182 1148 ²de
1196 1102 1259 1168 quo

106 1188 139 1245 et
153 1191 246 1247 antea
265 1182 362 1247 dixit:
386 1183 495 1269 quno
516 1185 552 1248 in
573 1183 785 1268 Hierosolymo
799 1186 897 1269 jures,
921 1186 1065 1272 qnoniam
1086 1185 1196 1250 civitas
1217 1192 1399 1250 camenas

104 1286 209 1372 mopsi
228 1285 330 1371 Rapis
377 1285 423 1350 Et
444 1286 589 1372 quoniam
607 1288 648 1351 ab
672 1286 761 1351 initio
785 1287 911 1374 nuptias
938 1287 1125 1374 praeparavit
1154 1286 1257 1351 ’Filio

104 1407 173 1465 suo,
193 1395 227 1452 ct
245 1395 371 1474 propter
392 1388 576 1454 immensam
590 1389 817 1477 benignitatem
830 1395 906 1474 ⁸per
919 1412 1025 1455 servos
1038 1411 1113 1455 suos
1126 1391 1259 1454 vocabat

104 1490 224 1575 priores
248 1489 288 1554 ad
311 1489 486 1554 convivium
507 1490 700 1576 nuptiarnmz
728 1498 763 1555 et
783 1491 836 1556 ubi
861 1491 905 1555 illi
931 1492 1097 1557 noluerunt
1121 1491 1257 1569 obedire,

104 1614 212 1658 rursus
234 1592 312 1658 alios
336 1613 442 1658 servos
464 1592 550 1658 misit
578 1615 753 1659 convocans
778 1615 842 1672 eos,
872 1615 973 1681 neque
1001 1594 1047 1660 sic
1075 1594 1259 1661 obedierunt

104 1695 142 1772 ei,
157 1696 213 1760 sed
233 1703 267 1760 et
289 1717 344 1760 eos
362 1696 414 1781 qui
435 1696 630 1762 vocationem
648 1697 884 1774 annuntiabant,
900 1697 1113 1784 lapidaverunt
1126 1706 1159 1763 et
1177 1698 1257 1764 occi-

104 1798 235 1864 derunt:
259 1798 329 1863 illos
343 1799 469 1884 quidem
486 1799 620 1886 perdidit
634 1799 764 1865 mittens
783 1799 939 1865 exercitus
952 1822 1036 1879 suos,
1051 1808 1085 1866 et
1099 1801 1259 1868 civitatem

103 1900 225 1965 illorum
246 1900 427 1974 succendit3
452 1904 510 1964 ³ex
531 1900 675 1966 omnibus
692 1909 798 1966 autem
820 1901 888 1979 viis,
909 1901 942 1965 id
963 1910 1022 1981 ost,
1046 1923 1086 1967 ex
1107 1902 1259 1970 universis

103 2003 251 2091 gentibus
267 2003 308 2067 ad
330 2002 505 2068 convivium
523 2003 702 2089 nuptiarum
729 2003 803 2068 Filii
825 2004 874 2069 sui
897 2005 1088 2083 convocavit,
1110 2006 1258 2091 quemad·

102 2106 229 2170 modum
240 2114 275 2171 et
288 2127 343 2191 per
359 2106 553 2171 Hieremiam
567 2106 627 2171 ait:
643 2106 688 2170 nl
701 2106 773 2171 mni
780 2106 883 2171 adcor
892 2128 990 2171 aornos
998 2108 1256 2193 nnospruplatns,
1269 2131 1419 2174 :mxuma

102 2209 239 2274 ⁴diocro:
255 2210 446 2274 Aomimini
459 2209 660 2296 unumquisque
674 2231 696 2273 a
710 2209 762 2273 oia
776 2209 969 2295 nequissimo,
980 2218 1009 2274 et
1021 2208 1148 2274 molium
1155 2211 1259 2295 sorite

101 2334 195 2399 worn
215 2322 325 2378 cestra.
371 2312 416 2377 Et
436 2334 543 2377 rursus
564 2333 620 2398 per
644 2311 794 2376 eundem:
818 2311 863 2375 Et
883 2312 963 2389 mni,
986 2311 1097 2397 inquit,
1120 2312 1187 2377 ⁶ad
1206 2336 1410 2382 cosumma-

101 2437 199 2479 omncs
218 2436 317 2480 aarum
333 2436 411 2479 moos
425 2413 591 2500 propbetas
613 2414 694 2478 inter
714 2414 796 2478 diem
817 2422 846 2478 st
867 2422 939 2477 anto
958 2413 1063 2491 locon
1079 2423 1108 2479 ot
1121 2436 1180 2478 non
1193 2389 1297 2480 odo-⁹²

101 2517 224 2582 diuum
237 2517 322 2594 mni,
338 2538 431 2603 nequo
445 2516 640 2581 intenderam
653 2537 744 2581 anrss
762 2517 907 2602 ipsorrnn.
952 2516 996 2580 El
1013 2516 1095 2580 non
1115 2516 1160 2581 eia
1177 2517 1257 2583 lanto

100 2641 281 2686 strumum:
297 2618 364 2682 Hoc
374 2640 477 2704 penna,
494 2619 575 2705 qnod
586 2639 646 2683 non
659 2617 790 2683 oboriioit
802 2619 867 2682 coci
881 2617 1020 2696 Domini,
1036 2639 1129 2703 noque
1143 2620 1257 2704 recepit

101 2722 309 2808 disciplinam,
335 2720 446 2806 defecit
457 2721 541 2802 fides
565 2742 603 2785 en
623 2741 675 2786 ors
702 2721 847 2807 ipsonnrn.
903 2720 964 2801 Qui
990 2719 1086 2805 igitur
1114 2741 1172 2785 nos
1200 2743 1256 2806 per

101 2823 272 2910 Apostolos
295 2823 430 2911 undique
451 2823 573 2889 vocavit
594 2822 759 2899 Dominus,
782 2822 834 2887 hic
855 2843 911 2909 per
934 2822 1102 2908 propbetas
1124 2824 1256 2889 vocabat

99 2951 154 2994 cos
183 2928 236 3015 qui
265 2927 339 2993 olim
367 2928 502 3004 fuerunt,
533 2926 793 3012 quemadmodum
821 2947 862 2990 ex
891 2924 1089 2990 sermonibus
1125 2924 1255 2991 Domini

99 3031 291 3097 ostenditur:
329 3037 363 3094 et
392 3051 455 3092 non
479 3030 520 3093 ab
549 3027 610 3093 alio
638 3028 764 3114 quidem
792 3026 962 3112 prophetae,
992 3028 1034 3093 ab
1059 3025 1122 3092 alio
1150 3036 1255 3092 autem

99 3134 257 3218 Apostoli,
280 3132 405 3198 etiamsi
427 3131 520 3197 variis
541 3131 688 3218 gentibus
713 3131 953 3217 praeconabant3
977 3130 1034 3196 sed
1061 3130 1103 3195 ab
1132 3152 1193 3195 uno
1222 3138 1257 3197 et

99 3238 219 3315 eodenu
241 3235 294 3301 alii
316 3235 441 3323 quidem
463 3234 636 3300 Dominum
656 3232 896 3311 annuntiabant,
918 3232 972 3297 alii
993 3241 1101 3297 autem
1126 3233 1256 3299 Patrem

98 3339 362 3426 evangelisabant,
373 3342 423 3404 6et
436 3336 489 3403 alii
505 3337 630 3423 quidem
644 3337 811 3402 adventum
826 3335 1077 3422 praenuntiabant
1092 3336 1167 3401 Filii
1182 3336 1255 3414 Dei,

97 3443 150 3509 alii
165 3465 238 3508 vero
252 3450 440 3530 praesentem
454 3463 526 3507 eum
537 3443 605 3528 jam
619 3441 669 3505 his
681 3440 734 3528 qui
748 3441 841 3527 longe
855 3448 955 3517 erant,
970 3441 1203 3526 praeconabant.

162 3547 194 3615 7.
241 3545 358 3610 Adhuc
376 3544 472 3609 etiam
489 3543 697 3609 manifestavit
714 3552 856 3629 oportere
871 3563 929 3610 nos
944 3545 1032 3609 ⁷cum
1046 3544 1207 3610 vocatione
1220 3553 1255 3611 ct

93 3648 225 3735 justitiae
247 3646 392 3732 operibus
412 3646 566 3725 adornari,
582 3646 628 3711 uti
643 3645 819 3732 requiescat
836 3667 1002 3731 supernos
1018 3645 1154 3731 Spiritus
1169 3645 1251 3721 Dei;

144 3794 265 3843 wollin
300 3793 335 3843 N.
347 3793 376 3843 Τ.
399 3795 521 3853 δήσαντες.
551 3793 644 3858 Syriae,
699 3790 1254 3854 inJmmia,aurJnerpmin1moeo,mclo

102 3859 220 3952 oium]
238 3893 302 3941 nom
319 3893 362 3941 tna
378 3899 435 3941 root
452 3857 516 3950 nml
536 3897 558 3938 n
570 3890 649 3946 unu,·
699 3874 755 3936 ku't
771 3875 852 3936 low
867 3888 916 3936 ru>
932 3874 1019 3934 λέγων·
1052 3872 1154 3921 ems
1201 3871 1254 3922 But

96 3973 142 4022 bnt
163 3975 206 4022 the
228 3974 380 4039 lmpsrativc
400 3973 484 4038 Aphcl
507 3973 536 4021 of
567 3953 647 4016 ΜΦ
699 3955 861 4006 lhfflflbfflw
877 3928 955 4016 Ν.
968 3953 1076 4017 l¹¹⁸llfl⁰¹
1087 3953 1251 4018 lhfflffiflss·

94 4054 178 4104 would
200 4057 230 4104 bo
252 4057 343 4106 almost
367 4057 410 4106 the
429 4074 505 4116 samo,
526 4022 645 4114 Ora-ml
748 4053 867 4114 ladoos,
881 4052 991 4113 cassu,
999 4053 1089 4113 Voss,
1104 4053 1193 4103 Mauo.
1207 4066 1249 4113 n„

94 4136 212 4199 meaning
237 4136 318 4187 tollite.
365 4138 458 4188 Lucnr.
481 4137 645 4186 canamus.
699 4134 805 4184 omitted
816 4135 869 4182 An.

95 4223 183 4282 quotes
194 4219 238 4267 tho
248 4219 471 4268 tsxtinasimilar
482 4235 545 4281 way,
559 4218 601 4267 lib.
616 4229 645 4267 n.
748 4214 820 4265 ⁶01..
833 4216 907 4264 omits
918 4222 946 4265 st.

92 4314 140 4362 pro
152 4300 179 4349 S.
192 4301 270 4360 Ans„
284 4301 372 4349 buthe
387 4301 462 4349 omits
479 4300 523 4348 tho
538 4299 647 4363 proposi·
748 4298 838 4359 'pert
859 4300 905 4358 τὴν
927 4299 1019 4359 κλῆσιν,
1038 4297 1058 4349 i.
1071 4314 1090 4348 e.
1108 4306 1163 4362 post
1184 4316 1250 4351 mcu-

95 4381 157 4430 tion.
698 4379 792 4441 tionem,
810 4381 862 4429 An.
879 4380 954 4428 omits
971 4395 1021 4428 nos.
1049 4379 1113 4430 Itis
1130 4386 1176 4432 not
1191 4385 1251 4451 only

144 4461 256 4525 ”deum
266 4464 317 4512 An.
328 4464 373 4527 φῆ,
382 4463 432 4512 and
440 4462 514 4511 omits
521 4459 587 4510 Filio
595 4475 645 4512 suo.
698 4477 828 4527 necessary
839 4463 896 4511 that
906 4478 944 4511 wc
955 4461 1044 4511 should
1059 4463 1091 4512 bs
1106 4463 1190 4524 called,
1204 4466 1252 4517 but

146 4541 218 4592 ⁸01..
231 4545 305 4593 omits
312 4560 366 4608 prr.
396 4544 435 4594 Ib.
448 4541 635 4592 aesomnibns.
698 4544 755 4594 that
766 4560 802 4593 ars
813 4544 902 4594 should
917 4543 1194 4609 walkworthyalsoof
1206 4563 1253 4598 our

144 4622 155 4653 ⁴
173 4623 273 4676 Dicere:
286 4626 445 4676 Avusimini.
477 4624 648 4674 sulmone
698 4624 797 4688 calling.

199 4731 271 4777 von.
292 4733 324 4778 u.
1125 4713 1178 4776 Kb
