3000 4994
597 370 835 426 nnnrrunaus.
1219 361 1286 428 369

134 558 246 621 ynam,
264 533 400 613 ὑπήκοοι
424 533 523 630 μέχρι
544 528 690 603 θανᾶτου
709 534 889 624 γενόμενοι·
921 531 994 604 midde
1018 532 1086 634 γὰρ
1107 533 1287 626 dabor-1112
1327 548 1420 635 Ἥ.

133 644 211 726 ἦμεν
230 645 405 742 ὀφειλέται
434 645 512 716 ἀλλ’
542 642 593 674 ⁴¹
633 645 641 672 '
740 647 758 677 Φ
822 646 831 671 “
885 646 892 672 “
946 648 954 671 ’
1014 648 1052 718 λ’
1173 650 1182 675 r
1308 641 1440 682 daune

407 698 416 728 ,
533 679 551 728 η
578 677 691 735 execror,
716 677 753 716 ov
777 677 832 716 και
855 678 916 729 την
938 679 1013 719 erro
1040 680 1075 731 ην
1094 651 1286 748 παρεβημεν
1319 688 1435 773 uffa,

134 756 193 825 ἀπ’
210 756 323 855 ἀρχῆς.
342 809 395 826 ...
1299 805 1448 817 —...

132 929 200 1014 ejus
214 936 424 1014 praeceptum
441 929 473 993 in
484 931 620 997 secundo
635 939 741 996 autern
756 930 861 996 Adam
876 930 1066 996 reconciliati
1080 953 1198 1013 snmus,
1213 935 1286 1000 obe

131 1032 252 1096 dientes
267 1033 418 1116 usquead
433 1043 564 1099 mortem
579 1036 663 1102 sacti.
704 1035 814 1121 Neque
828 1036 911 1100 enim
921 1035 1011 1100 alteri
1026 1035 1147 1101 cuidam
1162 1059 1286 1104 eramus

131 1133 296 1213 debitores,
317 1134 372 1199 sed
392 1135 445 1215 illi,
468 1139 558 1225 eujus
577 1142 626 1203 ¹et
643 1145 832 1224 praeceptum
852 1137 1039 1226 transgressi
1065 1137 1221 1204 fueramus
1244 1141 1285 1209 ab

130 1235 228 1304 initio.

619 1447 712 1547 Κεφ.
732 1447 789 1549 ιζ’.

130 1599 233 1675 Deus
254 1611 286 1674 et
302 1599 488 1677 Dominus
507 1602 627 1678 Pater
649 1617 682 1679 et
709 1604 862 1680 Creator
883 1605 1135 1681 universorum
1154 1607 1285 1682 unicus
1313 1669 1317 1675 .

204 1730 237 1791 et
253 1718 348 1792 solos
364 1732 423 1811 est,
436 1718 502 1817 qui
517 1746 581 1794 uos
597 1719 638 1795 ia
653 1720 797 1797 C'ltrteto
814 1721 951 1812 deterrit,
960 1737 1152 1822 precepta
1169 1723 1282 1817 dedit,

205 1847 237 1909 et
267 1834 406 1908 remisit
431 1834 533 1910 nobes
553 1850 735 1935 peccatu:
763 1840 866 1938 cujus
892 1838 1033 1913 Filium
1062 1853 1094 1914 et
1128 1840 1285 1917 Verbum

202 1977 275 2026 sese
294 1951 460 2027 Christus
470 1952 655 2052 probavit,
673 1981 756 2029 cum
766 1968 925 2053 peccato
943 1955 1174 2032 condonaret.

133 2145 163 2192 Ι.
213 2122 354 2193 ἘΣΤΙ
378 2120 413 2193 δὲ
435 2125 532 2201 οὗτος
556 2128 575 2196 ὁ
597 2123 803 2226 δημιουργὸς,
829 2127 847 2196 ὁ
870 2124 957 2197 κατὰ
981 2124 1042 2210 μὲν
1062 2127 1123 2209 τὴν
1148 2124 1282 2218 ἀγάπην
1294 2163 1313 2202 r.
1325 2162 1419 2204 numne

129 2236 251 2333 πατὴρ,
289 2233 376 2307 κατὰ
410 2234 446 2306 δὲ
476 2237 537 2319 miv
567 2235 696 2321 δύναμιν
727 2240 841 2336 κύριος,
878 2236 965 2310 κατὰ
1001 2237 1035 2308 δὲ
1063 2239 1124 2322 τὴν
1154 2241 1283 2339 σοφίαν
1295 2209 1349 2250 Μ

129 2349 266 2432 ποιητὴς
281 2349 334 2419 καὶ
354 2345 510 2432 πλάστης
526 2353 622 2432 ἡμῶν.

585 2556 685 2623 OAP.
710 2556 832 2622 XVII.

187 2697 217 2758 1.
240 2694 308 2758 Esr
318 2701 423 2759 autem
431 2694 482 2760 hic
491 2694 691 2782 Demiurgus,
701 2694 753 2780 qui
763 2694 932 2759 secundum
942 2694 1135 2760 dilectionem
1146 2695 1281 2782 quidem,

128 2797 226 2863 Pater
233 2793 308 2874 'est3
332 2798 501 2863 seeundum
515 2805 621 2863 autern
633 2798 789 2875 virtutem,
806 2797 977 2873 Dominus;
994 2797 1164 2863 secundum
1178 2806 1283 2864 autern

126 2902 319 2986 sapientiam,
335 2902 434 2967 factor
451 2911 483 2966 et
497 2901 666 2987 plasmator
680 2908 800 2965 noster:
825 2902 914 2988 cujus
929 2910 962 2966 et
980 2908 1168 2986 praeceptum
1183 2908 1283 2968 trans-

126 3004 311 3089 gredientes,
327 3004 444 3068 inimici
459 3003 534 3068 facti
548 3024 657 3067 sumus
671 3003 749 3089 ejus.
787 3002 832 3067 Et
846 3011 972 3087 propter
986 3003 1046 3068 hoc
1060 3003 1094 3067 in
1108 3003 1283 3070 novissimis

125 3109 325 3193 temporibus,
341 3108 373 3171 in
388 3106 557 3172 amicitiam
571 3105 708 3171 restituit
722 3126 780 3170 nos
800 3104 955 3170 Dominus
969 3127 1025 3191 per
1038 3127 1128 3171 suam
1143 3105 1283 3172 incarna-

125 3210 252 3287 tionem,
272 3211 423 3275 mediator
442 3209 505 3273 Do·
524 3217 552 3273 ct
572 3208 725 3272 bominum
744 3208 864 3281 factusr
889 3209 1061 3293 propitians
1082 3210 1206 3296 quidem
1226 3232 1282 3296 pro
1295 3228 1426 3270 rumne

125 3314 214 3378 nobis
235 3315 373 3390 Patrem,
394 3312 426 3376 in
446 3334 538 3398 quem
560 3333 806 3397 peccaveramus,
831 3320 864 3376 et
883 3322 1022 3378 nostram
1042 3313 1283 3380 inobedientiam

125 3437 180 3500 per
199 3436 288 3479 snam
304 3414 510 3480 obedientiam
529 3414 725 3487 consolatum
751 3414 840 3479 nobis
858 3422 964 3478 autem
983 3415 1103 3480 donans
1122 3438 1192 3481 eam
1213 3437 1283 3502 quse

126 3525 175 3581 est
194 3517 234 3581 ad
253 3517 403 3582 factorem
423 3527 562 3582 nostrum
584 3516 850 3581 conversationem
869 3525 902 3581 et
919 3517 1154 3602 subjectionem.
1199 3519 1282 3599 Qua·

126 3626 251 3703 propter
264 3623 277 3658 ²
282 3628 314 3683 et
329 3619 362 3682 in
379 3618 518 3683 oratione
536 3616 639 3682 dicere
659 3638 717 3682 nos
735 3618 859 3683 docuit:
884 3617 927 3682 Et
947 3619 1066 3682 remitte
1084 3617 1167 3682 rodis
1180 3616 1281 3681 dedito
1295 3635 1355 3675 usa
1364 3635 1393 3676 vr.
1402 3636 1433 3676 n.

125 3731 250 3794 nostra·
275 3721 381 3807 utique
400 3720 546 3806 quoniam
560 3719 611 3785 hic
631 3727 680 3783 est
699 3720 796 3783 Pater
814 3727 929 3796 noster,
952 3721 1041 3804 cujus
1061 3740 1185 3783 eramus
1198 3717 1283 3782 debi-

124 3831 217 3899 tores,
233 3822 417 3908 transgressi
429 3823 497 3906 ejus
510 3828 710 3906 praeceptum.
739 3819 836 3901 ³Quis
847 3829 896 3884 est
908 3828 1013 3883 autem
1025 3819 1094 3884 hiet
1125 3819 1282 3884 Utrumne
1310 3899 1313 3903 ,

124 3924 301 4011 incognitus
316 3924 436 4011 aliquis,
457 3931 489 3988 et
505 3922 579 3986 nulli
600 3928 960 4009 *unquamvpraeeeptum
980 3921 1058 3984 dans
1074 3921 1190 3986 Pater!
1226 3921 1282 3986 An

124 4049 196 4092 vero
218 4029 270 4114 qui
292 4050 312 4092 a
335 4025 502 4112 Scriptun's
519 4024 705 4111 praedicatur
726 4022 824 4099 Deus,
848 4022 898 4086 cui
920 4030 953 4086 et
971 4021 1126 4086 debitores
1147 4043 1280 4100 eramus,

122 4132 307 4220 transgressi
322 4133 389 4217 ejus
403 4133 608 4218 praeceptum?
638 4128 758 4193 Datum
773 4134 940 4192 astantem
956 4135 1146 4213 praeceptum
1161 4126 1279 4192 homini

123 4256 178 4320 per
200 4236 355 4301 Verbum:
379 4235 515 4300 Audiuit
528 4234 610 4298 cuim
627 4231 743 4309 Adam,
758 4230 813 4307 ait,
829 4250 926 4294 eecem
937 4229 1068 4294 Domini
1081 4230 1154 4295 Dei.
1192 4230 1279 4296 Bene
1291 4255 1342 4343 &a
1352 4256 1434 4298 urso

172 4397 421 4458 lGnanuomitset,
435 4398 467 4445 ib.
480 4393 640 4457 aprimtpto.
725 4393 789 4442 have
807 4391 857 4455 qui.
886 4392 940 4441 'l'he
958 4391 1057 4443 Quart.
1075 4392 1149 4442 omits
1167 4399 1280 4443 utrumne

173 4479 184 4510 ¹
201 4481 252 4530 Aa.
266 4479 341 4528 omits
352 4485 381 4528 et.
726 4472 870 4537 trecentae.

173 4561 184 4592 ³
199 4562 253 4610 The
264 4560 335 4609 order
346 4560 375 4609 of
382 4560 426 4608 the
438 4556 525 4616 MSS,
535 4556 616 4605 which
625 4555 677 4605 aleo
776 4553 788 4586 ⁴
804 4569 919 4617 unquam,
926 4553 1074 4619 Cn.,Voss.‚
1085 4555 1278 4621 summm.
