3000 4994
536 363 674 417 AEcaos
700 364 883 418 cunnum.
1219 347 1285 418 371

194 520 226 582 3.
272 516 410 582 Peccata
424 516 518 603 igitur
533 518 704 596 remittens,
721 517 878 583 hominem
893 517 1018 605 quidem
1032 519 1159 596 curavit,
1175 525 1286 584 semet·
1331 539 1418 626 cpi}

129 619 231 706 ipsum
249 629 355 684 autem
377 620 540 685 manifeste
556 621 692 686 ostendit
712 621 781 708 quis
796 630 889 686 esset.
929 621 963 685 Si
979 622 1062 686 enim
1078 643 1168 686 nemo
1182 629 1287 708 potest
1299 597 1449 719 ‘iffi-ffl-

129 723 286 787 remittere
301 731 438 807 peccata,
457 723 517 787 nisi
533 723 617 788 solus
637 724 742 797 Deus;
767 725 944 789 remittebat
963 733 1069 789 autem
1087 725 1155 789 haec
1176 724 1447 809 Domi-{1¹2}-

129 848 197 902 nus,
221 835 253 889 et
273 826 401 889 curabat
422 825 580 899 homines;
607 827 785 891 ¹maniscste
804 827 948 913 quoniam
970 827 1036 912 ipse
1058 835 1125 891 erat
1143 826 1284 892 Verbum

130 928 189 993 Dei
208 928 306 992 Filius
322 927 457 992 hominis
473 928 585 1005 sactus,
601 950 621 993 a
637 930 732 994 Patre
749 939 936 1015 potestatem
957 930 1162 995 ²remissionis
1176 952 1284 1017 pecca·

128 1042 230 1098 torum
251 1033 414 1118 accipiens,
440 1033 585 1118 quoniam
606 1034 708 1111 homo,
727 1043 759 1098 et
781 1033 926 1120 quoniam
949 1033 1047 1113 Deus,
1070 1043 1106 1099 ut
1129 1035 1283 1121 quomodo

127 1135 221 1201 homo
242 1158 423 1221 compassus
445 1145 492 1199 est
517 1137 615 1212 nobis,
640 1147 788 1223 tanquam
813 1136 901 1202 Deus
924 1137 1106 1202 misereatur
1128 1138 1226 1203 nostri
1250 1147 1283 1203 et

127 1239 266 1303 remittat
292 1238 381 1302 nobis
403 1239 507 1302 debita
530 1247 647 1316 nostra,
672 1261 741 1326 quae
768 1240 877 1305 factori
902 1248 1009 1305 nostro
1031 1240 1178 1306 debemus
1200 1241 1279 1308 Deo.

127 1342 173 1407 Et
192 1351 316 1428 propter
333 1342 392 1406 hoc
412 1340 514 1405 David
534 1341 695 1426 praedixit:
720 1343 814 1407 Beati
834 1365 961 1429 quorum
981 1344 1113 1407 rcmioaoe
1131 1353 1200 1407 mot
1220 1344 1280 1408 ini·
1295 1365 1448 1415 nemrim.

125 1443 264 1526 quitctcs,
280 1454 308 1508 et
322 1467 448 1530 quorum
463 1453 539 1508 tectu
558 1454 628 1508 sunt
640 1455 779 1531 peccota.
824 1444 1113 1522 Besantionem
1132 1467 1191 1510 oon
1205 1447 1280 1510 θοιν-

118 1549 245 1632 putavit
263 1547 414 1612 Dominus
426 1558 607 1633 peccatum,⁸
631 1570 700 1612 eam
721 1570 790 1634 quae
811 1571 865 1634 per
885 1549 1051 1613 adventum
1066 1550 1134 1635 ejus
1153 1557 1212 1626 est,
1232 1572 1279 1616 re-

125 1649 304 1715 missionem
325 1660 574 1736 praemonstrans‚
597 1672 652 1736 per
677 1673 770 1736 quam
793 1651 902 1715 delenit
924 1651 1157 1738 olriropropbum
1183 1651 1279 1718 debiti
1291 1670 1406 1711 cattle

125 1754 232 1832 nostri,
256 1765 283 1818 et
299 1756 398 1837 officit
419 1754 502 1818 illud
518 1755 622 1818 cruci:
646 1755 693 1818 uti
710 1753 970 1840 quemadmodum
990 1776 1044 1840 per
1064 1754 1182 1841 lignum
1205 1755 1279 1820 lacti

124 1878 232 1922 sumus
252 1858 406 1922 debitores
425 1856 505 1933 Deo,
520 1878 575 1942 per
595 1856 714 1943 lignum
734 1856 923 1940 accipiamus
938 1856 1036 1920 nostri
1054 1856 1150 1922 debiti
1171 1858 1279 1923 remis·

124 1961 254 2045 sionem.

190 2067 221 2128 4.
267 2063 340 2128 Hoc
355 2070 387 2127 et
406 2084 461 2148 per
477 2062 555 2127 alios
574 2062 698 2148 quidem
717 2061 841 2139 multos,
860 2063 926 2148 jam
942 2071 1046 2128 autem
1067 2072 1099 2129 et
1113 2086 1169 2149 per
1189 2063 1278 2130 Heli·
1291 2073 1424 2124 munt

123 2188 211 2231 seum
234 2166 416 2251 prophetam
435 2165 647 2252 significanter
668 2172 828 2228 ostensum
849 2173 907 2229 est.
947 2164 1026 2229 (lum
1049 2167 1132 2230 euim
1154 2167 1205 2230 ⁴hi
1226 2167 1279 2254 qui

123 2291 194 2334 cum
210 2268 261 2334 illo
276 2276 364 2334 erant
376 2268 552 2355 ⁴prophetee
567 2267 763 2332 conciderent
776 2266 860 2353 ligna
875 2268 914 2331 ad
933 2268 1166 2334 fabricationem
1177 2272 1278 2335 taber·

124 2370 236 2445 macuti,
251 2379 283 2436 et
305 2371 421 2435 ferrum
443 2391 608 2435 excussum
627 2368 666 2433 de
689 2369 788 2433 securi
809 2368 971 2435 cecidisset
994 2371 1026 2435 in
1048 2371 1230 2449 Jordanem‚
1247 2381 1279 2437 et

122 2495 185 2537 non
205 2473 392 2538 inveniretur
410 2474 451 2538 ab
473 2472 557 2558 ipsis,
576 2471 702 2536 veniens
725 2470 871 2536 Heliseus
890 2472 931 2535 ad
951 2472 1053 2558 ipsum
1072 2473 1185 2551 locum,
1207 2495 1278 2537 cum

121 2576 279 2642 didicisset
299 2577 373 2663 quid
393 2585 476 2641 esset
494 2576 621 2652 factum,
642 2574 760 2661 lignum
783 2574 948 2661 inaquam
967 2576 1069 2641 misit:
1094 2577 1153 2641 hoc
1172 2584 1278 2641 antem

122 2701 193 2743 cum
216 2681 350 2758 lecisset,
373 2678 584 2765 supernatavit
605 2679 720 2743 terrum
741 2677 869 2755 securis,
892 2685 925 2742 et
944 2679 982 2743 de
1004 2678 1166 2764 superficie
1187 2701 1277 2765 aquae

124 2892 176 2960 Δι’
204 2892 306 2990 ἔργον
332 2888 451 2984 ἔδειξεν
480 2892 498 2961 ὁ
529 2893 715 2989 προφήτης,
747 2890 801 2959 ὅτι
834 2886 896 2959 τὸν
920 2887 1058 2986 στερεὸν
1082 2890 1191 2980 λόγον
1214 2897 1277 2962 τοῦ
1289 2917 1334 3010 ἐξα
1334 2917 1442 3005 cffippp

39 3090 40 3093 ¹
123 3003 217 3087 θεοῦ,
243 3004 299 3074 ὃν.
315 3004 485 3087 ..ἀμελῶς
508 3002 745 3090 ἀποβαλόντες
769 3001 841 3095 οὐχ’
866 3001 1065 3099 ηὑρίσκομεν,
1091 3001 1441 3100 &ronow-{wlle-

121 3119 206 3198 μεθα
223 3113 325 3185 πάλιν
340 3114 392 3185 διὰ
411 3124 470 3197 τῆς
486 3121 548 3186 τοῦ
564 3112 667 3208 ξύλου
687 3114 881 3196 οἰκονομίας.
904 3112 990 3184 ’Ότι
1012 3112 1047 3183 δὲ
1066 3112 1158 3208 ἀξίνῃ
1176 3116 1276 3187 ἔοικεν

123 3230 141 3298 ὁ
166 3230 271 3320 λόγος
295 3234 358 3300 τοῦ
377 3229 472 3311 Θεοῦ,
504 3224 649 3311 Ἰωάννης
672 3228 690 3297 ὁ
718 3227 921 3310 Βοπτιστῆς
948 3232 1031 3325 φησι
1062 3227 1137 3325 περὶ
1164 3230 1274 3300 αὐτοῦ·

121 3453 296 3509 sumserunt
317 3443 392 3509 illud
412 3445 464 3532 qui
486 3453 560 3510 ante
579 3444 765 3508 amiserant:
790 3466 844 3529 per
864 3445 1073 3531 operationem
1094 3445 1277 3511 ostendente

120 3549 279 3633 propheta,
296 3549 379 3634 quod
398 3549 521 3611 firmum
540 3549 667 3612 verbum
689 3545 761 3624 Dei,
777 3548 859 3633 quod
879 3570 934 3633 per
954 3547 1070 3632 lignum
1085 3547 1277 3633 negligenter

119 3649 330 3726 amiseramus,
346 3671 403 3713 nec
423 3649 663 3725 inveniebamus,
678 3649 830 3734 recepturi
847 3671 985 3713 essemus
1003 3648 1114 3712 iterum
1130 3669 1184 3733 per
1198 3648 1275 3733 ligni

119 3749 360 3836 dispositionem.
409 3751 562 3834 Quoniam
586 3760 691 3816 autem
711 3751 810 3815 securi
833 3750 962 3814 lsimilis
983 3758 1032 3813 est
1053 3749 1179 3813 verbum
1202 3747 1274 3826 Dei,

119 3850 144 3914 J
146 3852 282 3917 ohannes
310 3853 455 3940 Baptista
480 3853 524 3919 ait
554 3854 593 3918 de
620 3874 674 3919 eo:
698 3853 776 3917 Jcm
801 3862 904 3916 antem
928 3850 1042 3916 securis
1069 3851 1114 3913 ad
1138 3850 1274 3914 radicem
1288 3877 1388 3919 mnu.
1401 3880 1435 3920 ιο.

168 4067 177 4100 ¹
195 4068 328 4132 mariscen,
345 4070 406 4130 Aa„
420 4071 507 4118 blanc.
528 4083 557 4119 11.
593 4068 672 4118 utoni·
771 4066 783 4097 ⁹
798 4064 943 4114 renascemur
958 4070 1111 4127 pcccatorum
1128 4067 1232 4131 missing
1248 4069 1273 4117 in

113 4151 213 4213 saturn,
232 4152 323 4213 Voss,
344 4158 370 4201 to
388 4154 469 4201 which
487 4153 586 4213 curun.
610 4151 671 4200 adds
721 4149 764 4197 the
776 4150 827 4197 Aa.

117 4241 157 4282 eat.
196 4234 249 4283 But
267 4234 327 4282 with
345 4237 459 4296 quonium
474 4234 608 4296 following,
628 4234 671 4281 the
770 4229 849 4279 ’Aa
863 4229 975 4291 imputat.

118 4315 201 4363 Greek
218 4316 359 4380 compound
373 4317 482 4374 δηλονότι
498 4316 519 4363 is
536 4313 669 4373 indicated,
769 4310 781 4342 ⁴
796 4310 824 4359 lo·
835 4309 938 4358 omitted
949 4311 976 4358 in
987 4309 1038 4359 AB.
1061 4310 1093 4358 ib.
1104 4310 1227 4373 propbeta.

117 4397 168 4444 and
189 4414 240 4461 any
266 4397 405 4445 occidental
427 4397 499 4445 mark
516 4412 575 4443 over
597 4396 640 4443 the
659 4409 671 4443 e
769 4391 891 4440 ‘similis
925 4392 978 4440 The
995 4393 1066 4441 usual
1089 4393 1149 4442 salac
1168 4394 1274 4444 concord

117 4473 177 4521 final
189 4474 270 4525 would
284 4475 342 4537 give
353 4474 400 4522 riso
417 4479 444 4522 to
459 4474 502 4522 the
519 4472 590 4520 other
603 4471 671 4520 read·
720 4471 807 4521 miuled
824 4472 867 4519 tbc
884 4474 934 4521 An.
953 4474 1109 4536 transcribet,
1125 4476 1180 4524 who
1196 4481 1274 4526 wrote

119 4555 182 4619 inge.
719 4552 950 4603 murdrimilirert
970 4554 1047 4606 Verbo.
