3000 4994
232 333 299 398 196
570 347 648 401 sou
674 347 892 401 sausssuua
918 348 944 400 a
970 348 1053 401 sais

90 518 193 606 131ng
235 501 390 588 Tampium
413 503 552 581 Domini,
577 501 720 589 tempium
746 502 883 580 Domini,
909 511 960 566 cst.
999 501 1042 565 Et
1062 499 1174 566 iterum
1194 500 1384 588 significans,

96 612 189 697 flffl·
231 605 376 690 quoniam
403 625 464 669 non
484 614 610 691 propter
634 605 694 670 hoo
720 605 829 670 eduxit
849 627 903 670 eos
929 605 967 669 de
990 606 1145 691 AEgypto‚
1169 614 1204 669 ut
1232 605 1386 670 sacrificia

78 704 204 790 Μξέίῗὲν·
230 707 259 771 ei
281 707 420 785 offerant,
440 708 497 772 sed
520 720 556 772 ut
579 707 665 773 obliti
689 707 870 773 idololatrias
893 708 1128 794 AEgyptiorum,
1153 708 1260 772 audire
1279 731 1386 773 vocem

67 824 216 833 “-
231 805 359 870 Domini
384 816 520 891 possent,
540 828 610 892 quae
635 814 702 871 erat
729 806 774 871 eis
802 808 886 871 salus
908 815 941 870 et
960 807 1069 893 gloria,
1092 807 1152 870 ¹sia
1176 809 1386 892 pereundam

65 933 108 974 aa.
118 935 153 975 m.
162 937 210 976 21-
233 908 425 972 Hieremiam
454 909 516 973 ait:
557 909 633 973 Hoec
667 910 743 974 dicit
774 910 944 973 Domiuus:
986 909 1249 974 Holocaustomata
1285 920 1386 975 castra

65 984 97 1021 ἢ
231 1014 360 1100 colliyita
374 1037 440 1078 aum
455 1015 617 1097 sacrificiis
631 1015 745 1092 castris,
761 1025 790 1079 at
804 1015 985 1079 mauduoato
1005 1036 1121 1078 aarum.
1162 1015 1312 1093 Quouiam
1327 1038 1386 1080 uou

230 1139 296 1181 suro
310 1118 425 1181 locutus
438 1119 596 1204 adpatros
611 1127 728 1195 ordros,
747 1139 800 1182 uoo
815 1118 852 1181 do
869 1116 1163 1182 holocaustomatibus
1183 1127 1211 1181 rt
1224 1118 1387 1199 sacrificiis

224 1221 364 1306 praecopi
387 1221 439 1298 cis,
467 1243 530 1306 qua
553 1221 604 1285 dio
626 1220 719 1285 adusi
744 1242 791 1286 oos
811 1220 849 1285 do
870 1221 1030 1306 AEaypt03
1053 1220 1108 1284 sod
1126 1242 1285 1284 somrrouam
1307 1219 1386 1284 imao

224 1323 362 1409 praccepi
380 1325 431 1401 eis,
450 1325 570 1388 diacus:
594 1323 712 1388 Audito
726 1345 824 1388 oocom
838 1345 945 1397 maara,
964 1333 992 1387 et
1006 1345 1056 1388 oro
1070 1322 1156 1386 Dous
1173 1333 1276 1400 oostor,
1293 1331 1321 1387 ot
1335 1344 1386 1387 oos

231 1426 319 1490 oritis
330 1427 465 1513 populus
484 1407 575 1503 rucis,
595 1436 623 1490 et
642 1425 795 1492 ambulate
814 1427 848 1491 iu
868 1425 1004 1490 omuibus
1023 1426 1083 1516 ciis
1103 1426 1175 1489 roseis
1194 1447 1385 1511 quascunque

224 1552 400 1617 praecepero
415 1530 504 1610 codis,
525 1541 559 1596 ut
572 1530 641 1596 dom
660 1532 701 1595 sit
715 1530 805 1596 codis.
849 1530 893 1595 m
912 1552 971 1594 uou
990 1530 1199 1606 obaudierunt,
1220 1551 1273 1592 roeo
1287 1529 1384 1592 istau-

230 1634 363 1705 domam
386 1635 441 1699 sod
453 1634 684 1700 arriduiaooraut
698 1634 734 1697 iu
748 1632 977 1718 coyitatimidirs
991 1633 1090 1698 cordis
1110 1632 1239 1696 usatitioe
1259 1653 1332 1708 sam,
1356 1641 1385 1696 et

222 1739 309 1822 sacti
337 1747 407 1802 sarit
428 1747 584 1814 retrorsus,
611 1746 639 1801 et
662 1760 720 1801 uoa
745 1738 791 1802 ad
808 1738 931 1823 priora.
971 1737 1015 1801 Et
1035 1736 1146 1801 iterum
1170 1757 1225 1821 per
1250 1734 1384 1799 eundem

65 1861 142 1903 aaut
151 1863 181 1902 u.
230 1839 332 1924 ipsum
346 1838 474 1905 disens:
491 1840 555 1904 mo
568 1840 603 1903 iu
616 1840 669 1903 ltoc
679 1839 828 1925 ⁸oiorictur
841 1841 895 1925 qui
905 1840 1070 1925 adoriatur,
1085 1839 1250 1923 iutelliaoro
1264 1846 1292 1902 ot
1305 1837 1384 1901 sciro

229 1942 372 2027 quoniam
384 1964 434 2027 ooo
447 1963 514 2007 sum
528 1943 687 2020 Dominus,
703 1942 854 2027 qaifaoio
868 1943 1119 2019 rotuorioordiam
1136 1951 1163 2006 ot
1169 1941 1339 2026 justitiam,
1355 1949 1384 2003 at

220 2045 379 2130 judiciam
397 2045 432 2109 iu
451 2054 545 2123 tarra,
562 2045 685 2110 intulit:
711 2044 861 2124 Quoniam
882 2046 916 2109 iu
935 2045 982 2108 iis
1001 2045 1139 2109 aoiuutas
1153 2066 1220 2107 moa
1235 2053 1286 2122 ost,
1307 2045 1384 2108 dicit

228 2150 398 2223 Dominam
420 2152 475 2216 sed
490 2152 600 2217 nonin
613 2150 782 2226 sacrificiis,
805 2173 862 2216 nec
882 2150 914 2215 in
929 2150 1255 2226 holocaustomatibus,
1279 2171 1335 2214 nea
1351 2149 1383 2212 in

228 2253 446 2320 oblationibus
485 2255 557 2320 Non
577 2255 660 2319 enim
681 2254 891 2341 principaliter
911 2255 988 2332 hac,
1009 2256 1064 2319 ssd
1086 2253 1255 2319 secundum
1275 2275 1384 2318 conse·

229 2358 398 2444 quantiam,
427 2367 460 2423 et
483 2368 608 2445 propter
634 2358 815 2444 praedictam
838 2380 963 2423 causam
991 2357 1100 2423 habuit
1128 2356 1270 2442 populus,
1300 2357 1385 2421 siout

63 2486 214 2575 &suasa
229 2468 341 2533 iterum
367 2469 478 2535 Esaias
500 2470 563 2535 ait:
591 2472 666 2535 Nou
691 2470 787 2535 mtto·
815 2491 882 2534 oocs
903 2470 1161 2534 holocaustomatis
1186 2469 1244 2545 tui,
1270 2490 1324 2532 uoo
1349 2468 1385 2532 iu

228 2573 390 2655 sacrificiis
419 2575 479 2638 tuis
506 2573 687 2657 oiotrifioasti
716 2596 781 2638 orto:
811 2595 871 2638 uou
890 2572 1026 2637 ⁸saroisti
1054 2571 1130 2635 milri
1156 2572 1191 2635 iu
1213 2572 1384 2653 sacrificiis,

228 2697 283 2740 aaa
296 2677 421 2762 aliquid
433 2676 579 2742 laborioso
598 2682 611 2718 ³
608 2676 717 2762 fecisti
731 2677 766 2740 iu
778 2676 886 2741 thuro:
910 2697 963 2739 aaa
974 2685 1124 2739 marcatus
1135 2696 1164 2738 cs
1174 2674 1250 2738 milri
1262 2685 1385 2759 arymto

227 2781 390 2858 iucensam,
406 2803 459 2846 uoc
473 2782 596 2867 adipum
609 2781 831 2862 sacrificiorum
845 2789 966 2844 tuorum
980 2778 1174 2862 ³cououpioi;
1198 2776 1253 2841 sod
1266 2778 1301 2841 iu
1311 2798 1383 2862 pec·
1398 2801 1427 2840 u.
1439 2802 1481 2842 aa.

65 2903 204 2943 amaus.
228 2886 305 2948 catis
329 2886 399 2962 tuis,
423 2894 450 2948 at
469 2886 505 2948 iu
526 2882 739 2969 iniquitatibus
763 2885 824 2948 tuis
845 2893 915 2948 auto
938 2904 985 2946 mo
1009 2883 1125 2946 stetisti.
1168 2882 1272 2966 Super
1296 2904 1385 2967 quom

228 2986 333 3071 icitur,
349 2987 404 3063 ait,
422 2986 581 3072 aspiciam,
599 2987 663 3050 uisi
677 2992 783 3071 ⁴supar
797 2985 948 3062 tamtum,
969 2994 997 3047 et
1011 2985 1154 3069 quieturos,
1170 2994 1197 3048 et
1212 2993 1384 3060 tromcutom

63 3098 183 3139 tem—¹&
227 3108 374 3151 soromuos
390 3109 478 3154 moos.
520 3088 595 3153 Nou
621 3089 701 3152 caim
722 3089 831 3174 adipes
850 3098 878 3152 at
905 3109 1012 3152 coruos
1032 3087 1176 3172 ⁴piuaaos
1202 3089 1345 3170 auserem
1361 3110 1384 3152 a

62 3208 178 3297 &aaa
229 3198 257 3252 to
288 3189 457 3271 injustitias
489 3200 569 3255 tuas.
621 3190 688 3254 Hoc
717 3200 758 3255 ost
787 3189 967 3274 ⁵Jiojuuiam,
993 3188 1075 3275 qaod
1103 3210 1153 3273 ooo
1183 3188 1264 3273 eloai,
1304 3189 1384 3254 dicit

111 3284 116 3295 '
228 3291 390 3359 Dominus.
430 3294 518 3360 Solva
538 3317 652 3359 mursam
673 3296 785 3359 uodoom
807 3295 976 3378 injur-toto,
999 3293 1125 3357 dissolvo
1151 3314 1297 3356 cormacus
1320 3295 1384 3357 oio·

229 3394 355 3460 loutium
379 3399 633 3476 commerciorum,
656 3400 775 3463 dimitto
799 3409 953 3486 quassatos
986 3399 1020 3462 iu
1050 3399 1192 3483 requiam,
1219 3407 1246 3461 ot
1269 3419 1384 3462 omuom

228 3500 471 3586 coriscriptiouom
492 3501 637 3585 injustam
654 3502 820 3567 ooasciudo.
853 3503 981 3587 Frauao
1000 3501 1145 3565 esurienti
1159 3522 1276 3585 pauom
1297 3511 1384 3565 taum

228 3607 282 3668 “aa
301 3605 413 3682 auimo,
432 3615 460 3671 ot
481 3607 681 3692 porcariuum
704 3607 770 3671 siue
795 3615 867 3671 tacto
894 3606 988 3669 iudac
1010 3606 1045 3669 iu
1064 3605 1185 3669 domum
1204 3614 1301 3670 tuam.
1345 3608 1386 3672 Si

229 3708 345 3774 sideris
358 3710 485 3787 uadum,
500 3711 616 3795 coopori
626 3713 721 3788 ⁶oum,
734 3719 762 3773 ot
777 3711 947 3774 domesticos
960 3709 1082 3773 semiuis
1096 3709 1143 3772 tui
1155 3731 1213 3772 uou
1227 3710 1385 3795 despicias.

232 3811 318 3876 Taua
340 3823 473 3898 crumpat
496 3815 682 3877 matutinam
710 3813 809 3876 tauma
837 3821 932 3890 tuum,
963 3822 990 3876 ot
1018 3812 1164 3875 sauitatos
1190 3821 1251 3875 tum
1277 3814 1386 3877 ⁷citias

228 3918 375 3994 oriantur,
391 3927 419 3982 ot
428 3918 583 4003 pracedat
596 3928 667 3983 auto
680 3928 708 3983 to
717 3917 854 4001 justitia,
871 3927 899 3981 ot
910 3916 1012 4001 ⁸adoria
1024 3915 1165 3980 ⁷Domiui
1180 3901 1390 3982 circumdabit

230 4029 277 4084 to:
300 4021 442 4085 stadius
457 4031 484 4086 to
499 4021 631 4108 laqueato
645 4020 757 4098 dicam,
773 4019 852 4084 Ecca
865 4020 983 4083 adsum.

279 4157 288 4188 ¹
305 4157 340 4207 sic
359 4158 470 4220 omitted,
489 4159 608 4220 01..,Vo.
636 4159 705 4219 sirm,
718 4160 778 4220 Aa,
878 4157 984 4220 ‘sapen
999 4157 1280 4217 Cuaaa.,V0ss.,Vsr.
1305 4159 1336 4208 al.
1347 4160 1383 4210 iu.

231 4238 318 4288 Mssa.
333 4253 361 4289 11.
830 4241 881 4289 AB.
894 4241 969 4289 omits
976 4242 1087 4303 piuyaos.

279 4319 291 4350 ¹
307 4322 419 4383 obtulisti,
433 4323 537 4372 omitted
549 4323 583 4387 by
591 4325 634 4372 the
643 4323 718 4372 MSS.
732 4322 782 4371 and
879 4322 979 4382 Βιηίυι,
996 4324 1058 4382 AB„
1075 4326 1119 4370 not
1133 4323 1159 4370 in
1176 4323 1285 4382 Caussa,
1300 4323 1381 4373 vose.

231 4401 294 4450 Con.
308 4405 402 4463 Ausa,
417 4405 438 4452 is
449 4406 507 4453 here
518 4405 641 4454 cancelled
653 4405 686 4470 by
694 4405 780 4454 Mass.
831 4420 859 4452 or
872 4403 902 4452 V.
915 4404 944 4453 T.

279 4480 404 4543 ³serm'sti,
420 4487 589 4535 ἐδούλωσάσε.
611 4485 706 4546 Fecisti,
718 4486 780 4534 torci·
880 4485 934 4535 “aa
955 4485 1045 4545 auimo,
1070 4502 1103 4534 no
1125 4491 1182 4549 part
1204 4486 1233 4534 os
1249 4486 1292 4534 tha
1309 4487 1384 4536 th.

231 4580 287 4622 ησα,
301 4563 389 4614 LXX.
415 4566 459 4615 Gt.
472 4566 782 4616 omitsuoussruistimidi
830 4570 882 4620 AB.
897 4569 971 4617 omits
982 4584 1044 4617 euru.

231 4645 260 4695 iu
269 4646 403 4709 mmssicis's,
416 4647 466 4697 and
476 4648 612 4711 concupiui.
881 4649 892 4684 ²
909 4650 963 4710 Gt,
976 4650 1066 4713 Voss,
1080 4649 1145 4700 Vsu.
1159 4651 1191 4700 al.
1204 4651 1289 4700 cito...
1300 4650 1356 4701 Dei.
