3000 4994
257 345 301 409 38
601 356 868 411 nss'rfflonlon
894 359 927 410 S.
953 357 1067 411 LUOAE

90 533 144 575 ura
159 533 199 620 nn
215 535 244 572 n
259 512 406 578 enutriat.
447 512 531 594 Quid
549 534 625 598 ergo
649 512 710 578 erit
734 512 784 577 his
810 512 863 598 qui
887 519 1010 576 tantum
1036 509 1236 596 blasphemiae
1264 510 1413 574 adversus

94 626 246 712 ffiffi
260 637 350 681 suum
377 615 527 681 faetorem
545 614 789 681 adinvenerunt!
830 614 904 679 Hoc
929 614 1013 678 idem
1032 621 1139 678 antem
1158 621 1191 677 et
1212 612 1326 700 angeli.
1374 611 1413 675 In

98 720 246 804 —4-
260 740 298 784 eo
312 718 396 783 enim
415 719 498 805 quod
520 717 638 797 dieunt,
664 718 773 783 Gloria
795 719 829 781 in
850 716 1006 782 altissimis
1026 717 1104 793 Dea,
1128 725 1155 780 et
1177 717 1211 780 in
1233 725 1318 780 terra
1333 738 1413 801 pan,

261 843 332 887 eum
359 822 411 906 qui
441 822 485 887 sit
512 820 747 899 altissimorum,
775 820 836 885 hoo
864 828 914 885 est
942 817 1211 903 supercoelestium
1240 817 1351 896 faetor,
1381 828 1415 883 et

260 945 368 990 eorum
397 947 467 1011 quae
496 947 591 1010 super
619 934 736 990 terram
769 925 909 990 omnium
945 923 1097 1000 eonditor,
1135 922 1185 987 bis
1221 922 1416 988 sermonibus

261 1027 530 1115 glorificaverunt:
569 1027 621 1111 qui
658 1049 716 1092 suo
746 1026 902 1112 plasmati,
937 1026 997 1091 hoo
1026 1035 1075 1090 est
1104 1023 1292 1101 hominibus,
1325 1046 1416 1088 suam

95 1159 215 1200 menneo.
260 1133 487 1219 benignitatem
509 1131 618 1195 salutis
638 1129 677 1194 de
697 1129 777 1195 eoelo
798 1130 894 1194 misit.
947 1128 1081 1215 Propter
1107 1127 1190 1214 quod
1215 1135 1248 1192 et
1267 1137 1416 1213 posterea

261 1235 317 1313 ait,
339 1233 575 1312 revertebantur,
597 1233 808 1319 ¹plom'jieanteo
828 1235 931 1298 Deam
952 1235 986 1298 in
1005 1233 1140 1298 omnibns
1161 1255 1229 1319 qnae
1250 1232 1417 1296 audierant

262 1347 289 1402 et
315 1337 466 1414 viderant,
490 1335 737 1421 quemadmodum
761 1345 788 1400 et
813 1345 976 1401 reseratam
1001 1346 1042 1400 est
1066 1337 1112 1400 ael
1136 1358 1189 1400 eos.
1235 1335 1309 1400 Non
1334 1335 1418 1399 enim

261 1438 395 1502 alterum
422 1437 525 1502 Deum
554 1436 772 1523 glorificabant
803 1437 954 1503 Israelitae
979 1447 1131 1525 pastores,
1159 1437 1216 1503 sed
1246 1437 1332 1501 illum
1364 1437 1417 1523 qui

261 1541 374 1626 alege
399 1546 432 1605 et
457 1539 618 1626 prophetis
649 1539 853 1605 annuntiatus
883 1550 941 1619 est,
968 1542 1119 1606 faetorem
1149 1541 1298 1618 omnium,
1324 1561 1417 1626 quem

262 1648 295 1707 et
318 1641 536 1728 glorificabant
559 1639 674 1727 angeli.
731 1641 765 1705 si
791 1649 896 1707 autem
923 1643 1055 1708 alterum
1077 1643 1202 1729 quidem
1230 1642 1334 1729 angeli
1363 1642 1417 1728 qui

262 1754 352 1810 erant
372 1746 413 1809 ab
435 1743 575 1831 ogdoade
595 1743 821 1830 glorificabant,
841 1746 972 1810 alterum
995 1768 1068 1811 vero
1089 1755 1250 1832 pastores3
1279 1767 1415 1810 errorem

266 1851 312 1916 eis
327 1859 360 1915 et
375 1872 436 1916 non
449 1851 612 1915 veritatem
626 1849 803 1915 detulerunt
816 1850 849 1913 hi
865 1850 916 1936 qui
933 1851 973 1914 ab
988 1850 1129 1937 ogdoade
1144 1857 1233 1914 erant
1247 1848 1362 1935 angeli.

96 1939 249 2032 calama,
335 1957 365 2018 5.
411 1952 529 2017 Adhue
554 1953 601 2016 ait
624 1952 728 2017 Lucas
750 1952 789 2017 de
815 1952 971 2017 Domino:
1007 1955 1084 2017 Onm
1105 1951 1221 2039 impleti
1243 1958 1334 2015 emant
1354 1950 1419 2015 dies

95 2029 125 2069 κ
256 2056 462 2141 perpellente,
487 2055 710 2140 ²impon1-ernnt
731 2076 799 2118 enm
819 2055 854 2117 in
880 2053 1085 2131 Hierusalem,
1109 2053 1252 2117 8adstare
1274 2052 1417 2130 Domina,

263 2157 511 2243 quemadmodum
525 2158 670 2243 menatem
686 2158 775 2220 estin
790 2156 852 2242 lepe
866 2157 1012 2220 Domini:
1039 2140 1187 2236 Qualiam
1204 2177 1287 2220 mnne
1302 2176 1419 2218 masan

263 2257 360 2322 linum
373 2258 556 2344 adaperiens
569 2258 701 2336 anlon-m,
717 2268 852 2322 tamtam
867 2259 999 2322 Domino
1019 2256 1193 2322 vocaliter:
1216 2269 1244 2322 et
1261 2269 1295 2324 nt
1309 2258 1419 2322 darent

262 2360 457 2442 sacraficium,
490 2362 651 2425 omanadum
684 2362 765 2448 qnod
793 2362 908 2426 datam
944 2371 984 2426 eet
1019 2363 1054 2426 in
1086 2362 1147 2448 lepa
1183 2361 1320 2439 Domini,
1350 2382 1419 2446 par

264 2470 430 2538 tertarum,
445 2472 501 2527 ant
522 2464 595 2528 dnos
610 2463 713 2550 pallos
735 2463 960 2537 columbarum·
984 2485 1024 2528 ex
1046 2484 1104 2527 sua
1119 2485 1251 2547 persona
1270 2462 1417 2527 manifes-

264 2563 385 2628 tissime
406 2565 577 2629 Dominum
596 2565 756 2652 appellans
775 2588 847 2631 eum
871 2566 924 2652 qui
948 2565 1185 2653 legisdationem
1209 2565 1326 2631 feeerit.
1373 2565 1419 2630 Et
1431 2586 1490 2626 an

97 2688 250 2774 ffffi'ffl’ffl·
266 2665 392 2730 Simeon
417 2677 523 2732 autem
551 2668 663 2754 inquit,
689 2668 839 2733 benedieit
867 2669 980 2745 Deam,
1007 2677 1035 2732 et
1063 2670 1129 2732 ait:
1170 2669 1266 2733 Nune
1290 2668 1420 2733 dimittis

123 2761 129 2781 '
263 2790 381 2833 servam
396 2778 491 2847 tanen,
511 2772 651 2847 Domine,
667 2773 701 2834 in
710 2793 797 2856 paea.
847 2770 927 2850 Quia
950 2771 1092 2835 viderunt
1109 2770 1189 2834 oenll
1205 2771 1265 2834 mei
1282 2770 1419 2836 salutare

264 2879 360 2935 taam.
403 2871 490 2950 Quod
497 2873 624 2957 paeoni
637 2882 708 2936 ante
719 2874 838 2956 faeiem
853 2873 984 2936 anniam
992 2873 1187 2959 palatorum.
1230 2873 1349 2938 Lntnen
1368 2876 1419 2939 ⁴in

99 2992 218 3043 canuae
263 2973 472 3037 revelationem
498 2975 642 3058 pontiam,
667 2985 696 3038 et
717 2975 850 3060 planiam
872 2975 982 3061 papali
1010 2976 1058 3040 tal
1080 2974 1193 3041 Israel.
1247 2975 1292 3039 Et
1321 2978 1418 3041 Anna

99 3095 219 3146 aaran.
265 3082 369 3139 autem
386 3075 585 3160 prophetissa,
609 3075 664 3153 ait,
687 3077 830 3143 similiter
848 3077 1038 3143 clarificabat
1060 3078 1173 3155 Deum,
1189 3077 1297 3143 videns
1313 3078 1417 3143 Chris·

265 3183 353 3250 tum;
378 3185 406 3239 et
425 3175 599 3263 loquelatur
622 3178 659 3242 (le
681 3202 712 3243 ea
734 3180 951 3267 omnidotali
973 3180 1181 3267 exspectabant
1207 3182 1419 3246 redemtio-nem

264 3277 468 3342 Hierusalem.
523 3278 586 3344 Per
607 3279 675 3345 haee
700 3289 805 3346 autem
827 3283 932 3348 omnia
955 3304 1036 3348 unus
1062 3283 1150 3348 Deus
1176 3283 1417 3361 demonstratur,

264 3380 397 3444 ⁵nullam
422 3383 550 3470 [novam
573 3380 673 3468 illam]
698 3384 851 3449 libertatis
879 3385 1114 3471 dispositionem
1138 3408 1193 3473 per
1219 3409 1333 3452 novum
1362 3387 1417 3451 ad-

263 3491 389 3548 ventum
407 3484 481 3548 Filii
496 3485 544 3548 sui
560 3493 784 3551 testamentum
798 3487 976 3553 hominibus
989 3489 1142 3575 aperiens.

311 3671 321 3702 ¹
336 3671 503 3734 plom'fieantee,
523 3673 557 3723 N.
574 3674 603 3722 T.
623 3675 758 3736 δοξάζοντες
775 3679 815 3726 καὶ
863 3677 927 3727 have
938 3677 1045 3742 adopted
1056 3679 1099 3726 the
1110 3679 1192 3727 latter.

261 3757 387 3805 allateret.
912 3758 1044 3809 ⁸adaare.
1067 3759 1417 3824 Fornapaaripnarthatrans·

308 3837 507 3901 ’imposuerant
536 3838 616 3888 There
635 3856 681 3889 oen
701 3843 732 3891 be
750 3841 814 3892 little
863 3840 927 3890 lator
937 3841 996 3890 read
1009 3844 1169 3903 παραστῆναι.

259 3922 338 3971 doubt
359 3922 416 3971 that
437 3922 488 3970 this
510 3922 530 3970 ie
552 3922 595 3970 the
619 3923 766 3973 translation
788 3924 817 3972 os
912 3922 992 3971 ⁴The
1009 3924 1112 3987 reading
1129 3925 1158 3971 ol
1176 3924 1219 3972 the
1238 3924 1345 3973 Auum
1367 3923 1417 3972 and

259 3996 811 4092 aenenonnsequnnenosuomoml
862 4005 1057 4147 ffel-iffi&
1077 4006 1417 4133 bzhzbffiefflwffidwno

862 4166 984 4214 minatiou
1007 4165 1035 4213 oi
1054 4166 1150 4223 lumen:
1177 4183 1247 4216 some
1268 4167 1417 4215 transcribet

256 4224 343 4286 ΙὶιῙὶΡΙΘ
354 4225 418 4273 s⁰¹¹¹¹
429 4220 541 4286 ‘om’
551 4242 637 4274 ΨΜ
648 4225 774 4281 ”mili
785 4225 812 4274 5¹¹
862 4248 922 4296 then
934 4247 1041 4295 inserted
1053 4248 1095 4308 ad,
1109 4250 1152 4297 the
1163 4249 1264 4297 Consu.
1277 4249 1388 4312 reading.

259 4321 300 4370 the
315 4323 394 4384 Aplel
406 4340 434 4372 or
450 4326 570 4375 cometiae
585 4326 656 4385 form,
671 4290 777 4383 euml,
792 4324 813 4372 it
910 4327 922 4360 ὅ
938 4329 991 4377 The
1001 4333 1056 4377 text
1067 4329 1124 4378 here
1135 4330 1180 4378 bas
1187 4330 1294 4378 suffered
1302 4329 1413 4393 damage,

256 4403 366 4467 signities
380 4405 459 4452 either
472 4414 495 4453 to
509 4407 562 4455 talne
573 4423 615 4469 ap,
630 4408 734 4468 ἀνάγειν,
749 4422 777 4454 or
787 4413 811 4454 to
861 4408 958 4472 though
970 4414 1016 4457 not
1023 4410 1128 4474 perhaps
1138 4415 1164 4458 to
1176 4411 1218 4458 the
1225 4415 1312 4459 extent
1318 4411 1417 4475 usually

257 4485 315 4546 offer
333 4486 357 4533 in
376 4502 392 4533 a
408 4487 492 4534 sacred
509 4503 586 4546 sense,
606 4490 743 4537 denotatae.
778 4487 815 4536 of
860 4487 993 4551 imagined.
1028 4487 1131 4536 Nullam
1149 4504 1207 4551 may
1225 4488 1256 4535 ba
1274 4487 1417 4536 oonsidered

255 4566 299 4616 tho
323 4572 374 4616 two
393 4568 522 4631 meanings
541 4567 669 4618 luamus
687 4585 766 4618 seems
784 4574 811 4618 to
861 4567 1104 4632 toinaorporaten‘m.
1112 4568 1327 4629 illuminantem
1335 4568 1415 4618 tuan.

257 4117 284 4166 in
305 4118 349 4167 the
372 4118 458 4183 Syriae
480 4135 550 4183 copy.
580 4120 640 4168 This
657 4120 717 4168 verb
735 4121 761 4168 in
780 4120 812 4168 ite
