3000 4994
533 399 684 452 ACCIPIT
709 395 886 451 malvas.

104 533 109 541 '
144 550 260 618 eveum
278 554 352 619 viiii
369 555 474 632 Pate,
490 554 611 619 visibile
631 561 737 619 autem
758 552 864 619 estiis
880 551 993 617 virius.
1030 551 1076 616 nt
1096 558 1221 637 propter
1241 551 1466 654 impp-gp

145 677 253 722 omncs
267 656 426 723 Christum
442 657 662 744 ¹loquebantur
679 664 832 742 praesente
852 677 900 734 eo,
917 661 951 721 et
969 654 1074 719 Deum
1087 653 1301 719 nominabant.
1322 658 1450 743 “Affiglv

146 758 263 824 Sedet
286 759 442 824 daemones
467 760 607 826 videntes
632 759 760 838 Filium,
781 758 943 824 dicebant:
973 758 1094 822 Scimus
1120 765 1149 821 te
1176 757 1230 842 qui
1262 778 1302 836 es,
1313 819 1371 858 m
1388 818 1395 857 Ι
1410 819 1435 857 24

145 861 276 925 Sumtus
297 862 370 926 Dei.
410 861 455 926 Et
475 870 602 927 tentans
625 860 787 938 Diabolus,
810 860 917 926 videns
936 881 1018 938 eum,
1040 859 1184 924 dicebat:
1208 858 1247 922 Si
1269 845 1465 958 tuffissgblffgil·

145 985 175 1027 aa
188 962 293 1029 Filias
307 965 387 1040 Det·
411 966 554 1031 omnibus
578 965 704 1053 quidem
723 963 900 1030 videntibus
922 970 956 1029 et
969 961 1168 1050 loquentibus
1184 961 1304 1026 Filium
1313 956 1393 1000 “Lu‘'
1403 956 1456 996 Μ

146 1073 178 1131 et
193 1068 332 1146 Patrem,
348 1090 409 1133 non
424 1075 529 1134 autern
544 1069 688 1134 omuibus
702 1068 910 1134 credentibus.

212 1176 242 1235 5.
288 1172 463 1257 Oportebat
482 1173 566 1238 enim
589 1171 751 1238 veritatem
771 1173 812 1238 ab
833 1171 978 1238 omnibus
1000 1171 1140 1259 accipere
1163 1172 1303 1239 testimo·

146 1273 242 1351 nium,
264 1281 297 1339 et
316 1295 385 1338 esse
404 1274 557 1361 judicium
580 1275 613 1338 in
636 1275 769 1341 salutem
790 1274 916 1361 quidem
939 1274 1142 1351 credentium,
1171 1274 1204 1338 in
1229 1295 1303 1340 con·

146 1375 375 1442 demnationem
395 1384 500 1442 autem
521 1398 584 1441 non
600 1376 804 1455 credentium,
824 1383 860 1441 ut
879 1396 988 1442 omues
1006 1377 1093 1462 juste
1110 1374 1301 1462 judicentur,

146 1484 178 1541 et
192 1499 230 1542 ea
244 1500 313 1564 quae
329 1487 377 1544 est
391 1479 424 1542 in
440 1480 567 1543 Patrem
579 1487 611 1543 et
628 1478 745 1542 Filium
759 1478 847 1558 fides,
862 1480 903 1544 ab
918 1478 1062 1544 omnibus
1074 1479 1301 1562 comprobetur,

145 1581 193 1645 'id
217 1590 274 1659 est,
302 1584 343 1646 ab
364 1582 507 1647 omnibus
529 1583 728 1648 confirmetur
752 1582 793 1647 ab
817 1582 960 1649 omnibus
982 1581 1139 1668 accipiens
1162 1581 1302 1655 testimo·

146 1682 243 1761 nium,
263 1691 295 1748 et
312 1707 332 1748 a
352 1684 530 1750 domesticis
541 1685 695 1769 'quoniam
714 1691 746 1750 et
766 1683 878 1759 amici;
909 1691 942 1750 et
964 1684 1003 1748 ab
1026 1682 1203 1748 ³extraneis
1227 1704 1302 1771 quo

51 1817 126 1857 seua
147 1786 233 1851 niam
247 1794 279 1852 et
294 1787 420 1853 inimici.
454 1788 512 1852 llla
523 1795 571 1853 est
585 1788 669 1854 enim
679 1809 751 1854 vera
765 1796 798 1853 et
812 1787 880 1853 sine
891 1787 1135 1854 contradictione
1150 1786 1302 1872 probatio,

148 1894 217 1976 qua'e
237 1890 333 1956 etiam
350 1893 391 1957 ab
405 1892 589 1958 adversariis
609 1892 685 1978 ipsis
702 1891 844 1980 ⁴singula
862 1891 1092 1957 testificationis
1110 1891 1246 1978 profert:
1270 1891 1304 1955 in

149 1991 216 2076 ipsa
230 1994 354 2079 quidem
374 1994 539 2059 manifesta
558 2016 616 2059 sua
634 1995 751 2060 visione
769 1994 919 2060 convictis
939 1996 978 2060 de
997 1994 1145 2081 praesenti
1164 1995 1303 2082 negotio,

148 2101 181 2159 et
209 2095 458 2173 testificantibus,
482 2104 516 2162 et
537 2097 770 2183 ⁴signantibus;
805 2105 915 2182 postea
940 2118 1013 2162 vero
1038 2098 1080 2161 ad
1109 2096 1305 2162 inimicitiam

148 2200 390 2284 erumpentibus,
406 2209 438 2265 et
450 2201 678 2280 accusantibus,
693 2208 726 2266 et
743 2200 918 2266 volentibus
933 2222 996 2266 non
1010 2222 1079 2267 esse
1093 2222 1199 2285 verum
1213 2221 1304 2265 suum

149 2302 370 2368 testimonium.
410 2303 483 2368 Non
502 2325 577 2390 ergo
590 2304 671 2370 alius
685 2311 753 2369 erat
767 2303 821 2388 qui
836 2304 1093 2390 cognoscebatur,
1109 2312 1142 2368 et
1156 2302 1236 2368 alius
1250 2300 1304 2388 qui

51 2435 130 2475 m
149 2402 289 2468 dicebat:
314 2406 413 2469 Nemo
427 2406 570 2490 cognoscit
589 2406 735 2479 Petraeam
760 2405 816 2470 sed
835 2425 916 2468 unus
930 2413 963 2469 et
980 2404 1074 2482 idem,
1090 2404 1195 2469 omnia
1208 2402 1304 2490 subji-

150 2506 250 2571 ciente
271 2507 301 2572 ei
324 2507 429 2587 Patre,
451 2516 483 2573 et
500 2509 541 2574 ab
567 2509 711 2574 omnibus
732 2509 888 2595 accipiens
909 2508 1133 2587 testimonium,
1158 2507 1304 2593 quoniam
1316 2516 1354 2602 ξω
1363 2525 1446 2603 3¹53·

150 2632 221 2676 vere
235 2610 338 2687 homo,
354 2618 386 2675 et
407 2612 554 2696 quoniam
569 2633 639 2677 vere
654 2611 753 2690 Deus,
773 2632 794 2675 a
809 2612 915 2688 Patre,
931 2632 952 2674 a
967 2611 1095 2696 Spiritu,
1111 2611 1152 2675 ab
1173 2607 1303 2696 angelis,
1317 2609 1457 2695 83322'325,

149 2714 190 2778 ab
212 2713 280 2798 ipsa
301 2713 486 2790 conditione,
505 2715 546 2779 ab
563 2713 751 2789 hominibus,
772 2719 805 2778 et
823 2714 864 2777 ab
883 2711 1065 2798 apostaticis
1082 2711 1251 2798 spiritibus,
1272 2718 1305 2777 et
1316 2708 1466 2788 ἲῖοἶῶῗωρη

150 2816 321 2894 daemoniis,
342 2823 375 2881 et
399 2818 459 2881 ⁶ab
479 2817 615 2895 inimico,
642 2823 674 2881 et
699 2815 866 2881 novissime
886 2818 928 2881 ab
949 2815 1018 2901 ipsa
1040 2823 1152 2880 morte.
1190 2793 1346 2880 Omniau'

148 2925 254 2982 autem
286 2918 385 2983 Filius
414 2917 650 2983 6administrans
680 2916 779 2995 Patri,
810 2916 931 3002 perficit
959 2917 1000 2981 ab
1022 2916 1112 2981 initio
1141 2937 1240 3001 usque
1264 2915 1305 2980 ad

149 3021 253 3100 finem,
269 3028 301 3087 et
315 3022 382 3087 sine
400 3021 452 3087 illo
470 3043 562 3086 nemo
579 3029 684 3108 potest
703 3041 890 3107 cognoscere
910 3020 1024 3086 Deum.
1073 3018 1207 3106 Agnitio
1222 3018 1306 3084 enim

152 3123 258 3188 Patris
278 3123 397 3199 Filius;
420 3123 540 3211 agnitio
558 3132 665 3188 autem
687 3121 760 3188 Filii
775 3122 808 3185 in
829 3123 937 3200 Patre,
957 3129 990 3187 et
1007 3145 1063 3207 per
1084 3121 1202 3187 Filium
1220 3142 1305 3187 reve·

150 3225 232 3291 lata:
252 3235 284 3292 et
309 3234 434 3313 propter
454 3227 514 3292 hoc
536 3225 691 3290 Dominus
712 3224 855 3289 dicebat:
883 3223 982 3289 Neruo
1007 3225 1150 3311 cognomi
1171 3223 1303 3305 Filium,
1316 3241 1454 3328 wlff.

200 3459 209 3491 ¹
221 3460 383 3523 ῑοφιαὸααίτιν,
403 3463 509 3524 Χριστὸν
526 3463 620 3523 ἔφασαν
641 3461 700 3524 πάρ·
753 3460 892 3526 Porphyry,
907 3459 1005 3511 Euesa.
1019 3459 1101 3524 Proep.
1114 3459 1156 3509 Ea.
1166 3472 1190 3510 v.
1207 3474 1227 3521 1,
1241 3456 1265 3520 6,
1279 3461 1303 3510 8.

151 3558 216 3590 οντος
228 3544 308 3590 αὐτοῦ.
801 3543 928 3605 ‘singulo
944 3542 1123 3605 testificationis.
1151 3544 1195 3592 τὰς
1214 3542 1267 3591 καθ’
1281 3544 1306 3591 ἓν

199 3620 211 3653 ¹
226 3623 279 3671 The
289 3624 338 3672 five
349 3623 476 3688 following
485 3625 564 3673 words
575 3640 617 3673 are
627 3640 699 3687 gene·
751 3630 882 3688 μαρτυρίας
896 3626 975 3675 either
990 3641 1041 3676 was
1055 3625 1115 3675 read
1125 3625 1158 3690 by
1171 3625 1214 3674 the
1225 3630 1305 3674 trans·

150 3704 213 3768 rally
231 3705 325 3754 treated
344 3722 371 3753 as
389 3706 462 3770 gloss,
485 3707 531 3754 but
548 3707 590 3755 the
610 3706 701 3754 author
751 3705 816 3756 lator
831 3724 858 3757 as
872 3709 958 3768 rd...,
971 3724 1000 3756 or
1013 3706 1124 3770 ammas
1135 3706 1306 3768 testificationes

150 3784 244 3848 having
265 3788 303 3832 set
324 3785 396 3832 down
419 3802 434 3833 a
456 3785 504 3834 less
525 3785 599 3834 usual
622 3785 698 3846 word,
751 3789 860 3838 written.
897 3790 992 3838 Graes
1015 3788 1087 3837 reads
1108 3787 1199 3850 eissille,
1225 3792 1251 3835 to
1274 3787 1305 3835 be

151 3865 261 3928 explains
281 3867 313 3924 it;
332 3867 378 3915 ὑπὸ
396 3867 492 3915 πάντων
505 3869 616 3929 κυριῖπαι,
633 3869 700 3915 τούν-
752 3871 777 3919 in
793 3871 901 3934 keeping
916 3871 978 3919 with
997 3870 1156 3932 emorita,
1175 3868 1256 3916 which
1273 3868 1305 3917 he

150 3964 215 3995 cerev
228 3946 273 3995 v'rrd
285 3949 382 3995 πάντων
391 3949 532 4010 petuma,
548 3949 593 3997 ὑπὸ
605 3948 701 3996 πάντων
752 3957 857 4001 restores
879 3952 943 3999 from
969 3952 1012 3999 the
1034 3952 1086 3999 AB.
1112 3949 1180 4009 MS,
1208 3949 1305 4013 though

149 4030 262 4090 λαβοῦσα
273 4032 318 4087 τὴν
328 4031 466 4091 μαρτυρίαν,
482 4032 556 4079 mah.
753 4033 916 4092 σημαινόντων
932 4033 953 4080 is
976 4031 1046 4080 there
1067 4029 1193 4078 indicated
1211 4030 1245 4093 by
1263 4031 1306 4078 tho

200 4108 211 4140 ³
228 4110 392 4159 Fsvaansrvv
408 4111 469 4160 cites
485 4111 528 4159 the
544 4111 660 4160 doubtful
673 4126 702 4159 or
752 4101 860 4162 context.
879 4113 931 4161 The
939 4111 1039 4161 Cossu.
1046 4126 1110 4174 copy
1117 4109 1307 4175 unfortunately

150 4192 265 4255 spurious
275 4193 429 4241 testimonias
440 4193 469 4241 of
481 4193 626 4254 donnana,
640 4194 699 4242 Ant.
753 4196 828 4244 omits
843 4201 864 4243 et
877 4192 1034 4255 sigmatibus,
1048 4191 1099 4240 and
1112 4192 1154 4240 tha
1169 4207 1243 4241 seven
1260 4192 1306 4241 fol-

151 4272 272 4334 xV111.6;
288 4274 409 4325 theriac
423 4274 502 4324 Paret
518 4291 545 4324 as
563 4275 656 4338 quoted
667 4276 702 4339 by
752 4277 845 4340 lowing
860 4275 947 4325 words.

151 4356 330 4418 Tauream,
343 4357 416 4420 Apol.
430 4371 474 4417 ar;
491 4358 603 4407 thefalse
610 4357 703 4421 Gospel
802 4355 814 4387 ⁵
831 4355 922 4417 ἐχθρὸς,
937 4352 1080 4416 ὀὸιάβολος,
1093 4353 1170 4402 Matr.
1183 4353 1234 4405 xiii.
1248 4366 1288 4420 39.

152 4438 181 4487 of
188 4438 349 4494 Nicodcmrm
359 4439 403 4488 the
413 4440 460 4502 Ep.
469 4440 498 4489 of
504 4440 632 4504 Abgarus,
639 4440 703 4503 king
802 4435 814 4470 ⁶
830 4436 871 4486 On
886 4436 929 4486 tho
945 4435 1131 4484 subordination
1152 4436 1181 4484 of
1195 4437 1238 4486 the
1255 4437 1305 4487 Son

151 4520 182 4568 cf
196 4519 297 4583 Edessa,
310 4525 338 4570 to
353 4520 445 4583 Christ,
460 4521 522 4570 with
538 4521 582 4571 the
596 4537 700 4581 answer,
755 4524 782 4568 to
792 4519 836 4568 the
847 4517 949 4579 Fathsr,
963 4517 1008 4566 the
1022 4516 1109 4567 raader
1121 4533 1181 4582 may
1191 4533 1307 4581 compare

154 4600 218 4651 Eos.
232 4601 267 4652 Η.
277 4601 306 4652 E.
320 4613 340 4652 1.
352 4615 381 4664 13
388 4619 396 4664 ;
410 4617 438 4651 as
449 4601 501 4652 also
511 4617 628 4667 passages
639 4601 704 4653 froin
756 4600 806 4651 aas
818 4599 913 4662 emtus,
924 4615 967 4665 pp.
983 4596 1119 4663 rso-140,
1132 4611 1271 4662 415-420.
