3000 4994
11 331 47 409 ἕχ-

105 545 160 589 ua
169 545 196 587 V.

76 639 122 679 GR.
130 638 157 678 V
167 639 226 679 niv.

95 685 210 772 ΠΔΙ888Υ.

240 359 307 427 390
687 371 964 426 aurrcunrsrus

239 526 480 614 praediximus(
469 548 503 591 m
517 525 661 592 omnibus
676 525 855 614 ¹aequaliter
871 524 1135 612 supergrediente.
1173 523 1326 590 Diabolus
1339 545 1397 590 au

207 636 315 708 tem,
331 627 444 745 quippe
457 636 603 714 apostata
616 629 772 695 exsistens
785 628 924 715 angelus,
940 630 1000 694 hoc
1014 634 1137 693 tantum
1157 635 1272 714 potest,
1292 629 1396 713 'quod

240 738 274 798 ct
293 731 359 819 egit
378 731 411 794 in
430 731 593 819 principio,
613 731 761 797 seducere
777 741 811 796 et
830 732 1012 796 abstrahere
1033 739 1171 796 mentem
1194 731 1331 797 huminis
1352 732 1395 798 sd

239 835 495 923 transgredienda
509 844 664 922 praecepta
684 835 756 913 Dei,
777 843 810 900 et
828 835 978 921 paulatim
996 835 1153 900 obcaecare
1173 836 1267 900 corda
1286 856 1395 900 eorum

239 937 310 1025 ³qui
322 946 508 1004 conarentur
518 939 633 1004 servire
647 939 687 1014 ei,
702 939 743 1003 ad
758 939 1000 1005 obliviscendum
1014 938 1139 1025 quidem
1149 960 1256 1004 verum
1270 940 1393 1017 Deum;

240 1041 342 1129 ipsum
355 1051 462 1108 autem
478 1042 565 1128 quasi
582 1042 686 1107 Deum
699 1044 838 1108 adorare.

306 1148 336 1211 4.
374 1144 641 1226 Quemadmodum
660 1151 766 1209 autem
785 1143 899 1231 siquis
917 1151 1064 1228 apostata
1082 1143 1240 1231 regionem
1259 1145 1396 1232 aliquam

239 1247 394 1315 hostiliter
412 1247 547 1333 capiens,
568 1249 729 1332 perturbet
747 1247 869 1333 eosqui
890 1246 922 1312 in
939 1269 978 1312 ea
991 1254 1075 1324 sunt,
1095 1257 1131 1312 ut
1146 1248 1243 1335 Regis
1263 1248 1397 1335 gloriam

239 1352 300 1419 sibi
315 1351 450 1418 vindicet
464 1352 547 1438 apud
561 1350 742 1438 ignorantes
754 1351 837 1436 quod
851 1359 998 1437 apostata
1011 1359 1044 1417 et
1055 1351 1136 1416 latro
1147 1352 1204 1417 sit:
1220 1350 1267 1417 sic
1281 1352 1397 1417 ⁴etiam

241 1455 405 1534 Diabolus,
423 1477 495 1522 cum
515 1454 557 1520 sit
579 1475 661 1519 unus
680 1475 721 1519 ex
741 1453 861 1542 angelis
879 1455 940 1532 his,
963 1455 1015 1540 qui
1035 1476 1130 1542 super
1149 1455 1293 1542 spiritum
1313 1455 1397 1520 aeris

241 1559 399 1646 praepositi
414 1565 498 1638 sunt,
509 1558 769 1644 quemadmodum
785 1557 903 1623 Paulus
918 1559 1092 1644 Apostolus
1106 1559 1139 1623 in
1154 1581 1192 1624 ea
1206 1580 1276 1646 quae
1290 1567 1340 1624 est
1353 1559 1397 1624 ad

182 1697 187 1707 ·
244 1661 399 1748 Ephesios
419 1660 637 1740 manifestavit,
656 1660 796 1728 invidens
815 1661 944 1741 homini,
964 1670 1111 1749 apostata
1130 1685 1151 1728 a
1169 1663 1273 1728 divina
1292 1663 1397 1728 lactus

142 1811 147 1824 .
241 1764 388 1851 estlege:
412 1763 526 1830 invidia
544 1763 629 1829 enim
647 1763 749 1830 aliena
765 1771 816 1832 est
834 1786 855 1829 a
872 1764 953 1831 Deo.
993 1766 1039 1831 Et
1058 1766 1205 1851 quoniam
1223 1788 1278 1852 per
1295 1765 1396 1830 homi-

242 1889 315 1933 nem
336 1868 482 1933 traducta
505 1874 555 1933 est
578 1867 736 1952 apostasia
760 1870 839 1955 ejus,
862 1877 896 1934 et
917 1870 1107 1936 examinatio
1128 1869 1292 1936 sententia
1315 1869 1394 1954 ejus,

243 1971 337 2037 homo
356 1972 459 2037 lactus
473 1977 531 2048 est,
547 1970 605 2036 ⁵ad
619 1971 679 2036 hoc
698 1971 801 2059 magis
814 1971 976 2059 magisque
990 1973 1193 2060 semetipsum
1206 1973 1396 2040 contrarium

228 2074 407 2140 'coustituit
416 2073 544 2152 homini,
559 2072 699 2140 invidens
711 2074 783 2139 vitae
797 2074 876 2161 ejus,
892 2083 925 2140 et
939 2075 973 2139 in
983 2096 1041 2140 sua
1055 2083 1211 2161 potestate
1221 2074 1396 2162 apostatica

243 2179 350 2245 volens
364 2178 546 2245 concludere
560 2199 641 2245 eum.
680 2177 829 2243 Omnium
842 2185 947 2243 autem
967 2179 1080 2244 artilex
1096 2177 1238 2243 Verbum
1253 2176 1325 2256 Dei,
1339 2198 1396 2263 per

242 2282 401 2348 huminem
419 2281 545 2347 vincens
563 2302 646 2359 eum,
668 2288 701 2346 et
719 2287 897 2366 apostatam
916 2280 1094 2359 ostendens,
1113 2302 1131 2346 e
1150 2280 1305 2347 contrario
1321 2279 1395 2344 sub·

77 2402 129 2446 ιιι.
138 2415 159 2444 ι.
169 2405 200 2446 ιι.
237 2387 318 2474 jecit
330 2409 403 2455 eum
417 2386 550 2452 homini:
573 2386 661 2464 Ecce,
681 2385 799 2464 dicens,
814 2385 852 2449 do
867 2383 947 2450 codis
953 2394 1131 2470 potestatem
1149 2385 1291 2450 calcandi
1303 2405 1396 2469 super

240 2501 400 2577 repentes,
416 2498 444 2554 ot
457 2490 634 2575 scorpaena,
650 2497 678 2555 et
691 2510 784 2574 super
797 2509 908 2552 omrem
927 2488 1069 2553 uirtutem
1083 2488 1218 2559 iniere-'roh
1239 2497 1275 2552 ut
1288 2506 1394 2571 quem·

240 2594 409 2659 admodum
429 2592 607 2658 dominatus
629 2599 679 2658 est
703 2589 820 2657 homini
842 2612 897 2677 per
917 2591 1117 2677 apostasiam,
1140 2592 1186 2657 sic
1206 2590 1318 2657 iterum
1339 2609 1394 2674 per

240 2697 399 2763 hominem
412 2705 621 2763 recurrentem
635 2696 676 2762 ad
692 2695 807 2775 Deum,
822 2704 989 2761 evacuetur
1002 2694 1160 2782 apostasia
1174 2695 1251 2782 ejus.

692 3009 792 3077 OAP.
819 3010 940 3079 XXV.

242 3161 585 3263 Antichristifrouo
601 3163 774 3264 superbio
798 3178 829 3240 ct
847 3165 1082 3265 tyrannicum
1099 3193 1261 3267 reynero,
1279 3179 1394 3267 prout

466 3307 489 3355 u
504 3280 664 3357 Daniele
681 3295 713 3356 et
729 3282 852 3359 Paulo
870 3283 1057 3385 descripta
1074 3299 1165 3361 sunt.

311 3468 340 3529 1.
375 3462 427 3527 Er
440 3485 503 3529 non
515 3470 638 3529 tantum
649 3468 767 3531 ⁶autem
776 3488 832 3550 per
842 3488 880 3532 ea
891 3489 961 3554 quae
974 3468 1058 3534 diota
1071 3476 1154 3546 sunt,
1167 3469 1222 3535 sed
1233 3471 1281 3531 ⁷et
1291 3487 1347 3552 per
1356 3486 1395 3530 ea

245 3590 315 3655 quae
326 3577 417 3633 erunt
431 3569 490 3633 sub
505 3567 714 3647 Antichristo,
729 3570 913 3649 ostenditur,
929 3572 1075 3656 quoniam
1087 3573 1239 3638 exsistens
1249 3577 1396 3656 apostata

243 3680 276 3738 et
290 3673 380 3751 latro,
397 3671 485 3758 quasi
501 3671 590 3737 Deus
605 3671 671 3737 vult
681 3671 822 3749 adorari3
839 3682 872 3739 et
887 3698 958 3740 cum
973 3675 1014 3740 sit
1028 3698 1145 3755 servus,
1160 3697 1265 3763 regem
1279 3695 1313 3738 se
1328 3673 1397 3738 vult

242 3773 423 3860 praeconari.
468 3772 525 3838 Ille
545 3772 629 3838 enim
646 3795 771 3839 omnem
788 3776 959 3862 suscipiens
977 3776 1090 3842 diaboli
1113 3779 1267 3854 virtutem,
1290 3775 1397 3839 veniet

241 3898 304 3941 non
319 3876 408 3963 quasi
423 3898 478 3940 rex
498 3876 613 3961 justus,
628 3897 686 3941 nec
701 3877 789 3962 quasi
803 3878 836 3942 in
849 3880 1042 3966 subjectione
1061 3881 1121 3946 Dei
1143 3880 1316 3967 legitimum
1339 3877 1397 3942 sed

242 3978 357 4065 impius
386 3987 419 4044 et
441 3977 577 4065 injustus
602 3987 635 4043 et
663 3978 731 4044 siue
759 3977 838 4067 lege,
868 3982 957 4069 quasi
985 3991 1130 4068 apostata
1155 3992 1188 4048 et
1216 3980 1339 4065 iniquus
1363 3988 1397 4045 et

291 4169 301 4202 ¹
318 4168 450 4234 molirer.
472 4168 506 4217 So
515 4168 627 4228 cusam,
638 4168 735 4229 Voss.;
747 4169 794 4218 but
893 4172 903 4205 ³
919 4175 970 4223 An.
984 4174 1059 4224 omits
1070 4173 1120 4237 qui.

242 4251 294 4301 Aa.
311 4251 469 4313 impariter,
486 4250 636 4313 suggesting
650 4249 679 4298 in
693 4250 792 4313 aquali,
892 4254 903 4286 ⁴
919 4256 998 4305 diam.
1028 4257 1128 4305 Cannu.
1142 4260 1220 4302 amrin
1231 4259 1259 4301 et.

242 4351 270 4384 as
281 4337 323 4384 the
331 4334 479 4384 translation
487 4333 515 4382 of
524 4336 549 4383 ἐν
559 4335 595 4395 τῷ
605 4336 658 4394 troi,
666 4334 705 4383 lor
712 4333 793 4382 which
891 4335 902 4367 ⁸
919 4336 996 4397 Van,
1010 4338 1099 4395 Voss,
1119 4336 1165 4384 but
1182 4335 1282 4383 Cannu.
1300 4333 1336 4382 ad
1352 4333 1398 4385 loc

241 4416 367 4479 accoliter
377 4431 428 4464 was
439 4431 455 4464 a
465 4415 588 4479 marginal
599 4415 748 4479 equivalent.
843 4416 921 4478 magis
931 4417 982 4479 qui,
994 4419 1045 4467 Aa.
1059 4416 1140 4465 adduc
1152 4431 1183 4464 m.
1196 4415 1326 4478 mgisque.

290 4495 302 4528 ¹
318 4496 382 4558 quod
403 4502 423 4544 et
444 4495 498 4558 epit,
519 4497 586 4556 Ax.;
613 4496 661 4546 but
680 4496 792 4557 Ourna„
892 4496 903 4528 ⁸
918 4505 1005 4559 auum,
1017 4498 1104 4557 MSS,
1115 4498 1239 4546 canoelled
1250 4497 1283 4562 by
1291 4497 1397 4549 Gnana.

242 4577 319 4639 Van,
332 4576 414 4626 Voss.
427 4577 492 4640 quod
503 4577 595 4641 derepit.
892 4577 903 4611 ⁷
919 4579 970 4628 Au.
983 4580 1057 4628 omits
1071 4586 1100 4628 rt.
