3000 4994
478 380 549 434 sun
575 381 765 437 ornemus
789 382 918 437 runnu.
1199 359 1267 436 305

114 553 135 596 a
150 531 221 597 Deo
238 552 346 599 omnes
363 533 439 600 faeti
460 556 579 604 sumna.
624 535 802 603 Secundum
822 544 928 603 autem
951 535 1054 605 ¹dieto
1074 538 1267 605 audientiam
1302 561 1355 604 ma.
1368 561 1408 606 iu.

116 642 149 700 et
170 634 354 716 doctrinam,
377 659 440 703 non
462 658 571 704 omnes
592 638 648 704 tilii
670 639 732 706 Dei
758 647 843 720 aunt,
866 640 922 707 aed
944 640 998 727 qui
1027 641 1158 707 eredunt
1179 641 1209 707 ei
1232 648 1265 708 et
1302 611 1400 742 offis

115 736 234 802 iaciunt
256 738 324 824 ejus
344 739 548 807 voluntatem.
592 741 654 824 Qui
672 749 778 808 autem
798 764 862 809 non
880 742 1011 809 eredunt
1023 752 1057 810 et
1071 765 1134 809 non
1148 742 1267 808 iaciunt
1291 745 1414 836 uffli

115 839 184 925 ejua
205 840 406 920 voluntatem,
428 842 484 907 filii
505 851 538 910 et
559 843 663 931 angeli
684 853 760 911 aunt
785 845 910 925 diaboli,
933 846 1104 913 seeundum
1130 845 1163 911 id
1184 845 1266 931 quod
1278 867 1432 945 Π

115 963 210 1028 opera
238 943 353 1009 diaboli
381 944 512 1012 iaciunt.
568 946 724 1030 Quoniam
751 956 858 1014 autem
887 948 934 1014 ita
961 970 996 1014 ae
1017 949 1113 1015 habet
1137 948 1208 1028 hoe,
1233 933 1427 1037 inffffliffi

116 1046 214 1112 Esaia
235 1047 332 1112 dixit:
355 1048 458 1114 Filios
471 1050 567 1135 penei
587 1059 616 1116 et
635 1051 780 1130 enolteei,
801 1051 864 1138 ipei
884 1061 986 1117 aetem
1009 1073 1057 1117 me
1078 1062 1267 1139 epreeerrmt.
1280 1066 1381 1108 ΜΗ·

116 1148 163 1215 Et
182 1148 297 1215 iterum
318 1155 405 1236 ²quae
427 1151 504 1217 dicit
524 1151 605 1218 filios
624 1151 743 1219 alienos
764 1174 819 1220 eos
841 1154 903 1219 ita:
927 1154 1012 1220 Filii
1032 1154 1131 1221 alieni
1150 1156 1269 1220 metiti
1281 1176 1373 1218 rum
1381 1176 1415 1218 e.

115 1261 185 1318 eeot
198 1254 287 1319 midi.
324 1254 502 1320 Secundum
516 1255 617 1321 ³enim
630 1264 774 1322 naturam
788 1257 844 1322 filii
859 1264 943 1337 aunt,
958 1267 1084 1346 propter
1102 1258 1163 1325 hoo
1185 1258 1269 1344 quod

115 1356 156 1421 ab
170 1376 208 1422 eo
223 1355 300 1424 santi
313 1364 407 1435 eunt3
430 1359 604 1424 seeundum
617 1367 723 1425 autem
738 1381 833 1447 opera
847 1382 911 1427 non
924 1370 999 1428 eunt
1012 1360 1080 1428 filii.

564 1577 667 1647 OAP.
691 1577 863 1647 LXVIII.

119 1697 194 1791 Qui
212 1697 277 1795 itti,
300 1712 333 1777 et
356 1701 398 1777 ob
427 1725 540 1802 quom
564 1725 717 1778 caesam
735 1701 929 1802 progenies
951 1700 1176 1804 venderem,
1203 1699 1271 1806 qui
1314 1716 1317 1721 ’
1423 1696 1431 1760 '-

440 1844 513 1896 ooo
533 1816 704 1897 obedient
723 1817 938 1919 Evangelio.

182 1973 213 2036 1.
250 1970 531 2053 Qoauaomonnm
561 1971 645 2039 enim
673 1971 707 2036 in
735 1970 912 2037 hominibus
941 1968 1076 2036 ¹indieto
1104 1970 1268 2039 audientes

116 2074 256 2161 patribus
278 2075 333 2140 filii
353 2075 500 2155 abdicati,
523 2085 635 2142 natura
656 2075 781 2163 quidem
800 2074 855 2139 filii
872 2078 997 2140 ⁴eorum
1013 2079 1097 2153 aunt,
1112 2073 1268 2162 legavero

115 2176 241 2242 odenati
264 2185 361 2255 eunt3
390 2200 454 2243 non
479 2179 563 2244 enim
585 2178 727 2244 haeredea
754 2178 835 2243 fiunt
864 2178 1052 2244 naturalium
1080 2186 1266 2265 parentuma

115 2280 225 2346 eodem
246 2281 340 2346 modo
365 2282 448 2367 apud
470 2282 585 2361 Deum,
612 2283 665 2368 qui
687 2302 750 2346 non
772 2280 983 2359 obediente,
1006 2279 1144 2347 abdicati
1165 2282 1207 2347 ab
1229 2303 1276 2348 eo·

115 2383 274 2449 desierunt
295 2384 351 2449 filii
372 2385 441 2472 ejus
461 2407 541 2452 esee.
587 2384 682 2450 Unde
704 2406 762 2450 neo
784 2383 999 2450 haereditatem
1022 2382 1090 2469 ejus
1110 2382 1268 2470 percipere

114 2494 265 2571 possunt3
290 2487 550 2571 quemadmodum
572 2486 676 2552 David
696 2487 760 2551 ait:
783 2485 929 2551 Alienati
948 2494 1020 2550 teet
1037 2493 1210 2570 peeeetoree
1227 2485 1421 2557 admetto

114 2597 218 2652 eteros
242 2590 296 2654 iro
312 2590 355 2654 eie
367 2590 531 2654 eeeeodem
547 2589 781 2655 rimilitedieem
796 2589 954 2675 serpentis.
1000 2588 1047 2654 Et
1063 2596 1190 2674 propter
1206 2589 1267 2655 hoo

116 2690 271 2757 Dominus
289 2692 392 2778 ⁶quod
413 2691 532 2757 sciebat
553 2691 713 2756 hominum
735 2712 804 2756 eoae
820 2691 1011 2778 progeniem,
1032 2690 1113 2756 dixit
1132 2690 1178 2757 sio
1197 2712 1267 2777 pro·
1279 2717 1407 2804 ἓιἰαιιιιιιίι

115 2793 239 2878 geniem
260 2793 444 2880 viperarum,
466 2793 638 2858 seeundum
655 2792 889 2859 similitudinem
906 2793 1017 2859 horum
1035 2793 1216 2858 animalium
1234 2793 1268 2859 in

115 2895 266 2961 varietate
294 2895 499 2973 ambulantes,
530 2903 563 2960 et
592 2895 742 2960 laedentea
778 2895 922 2981 reliquos.
978 2896 1146 2975 Attendite,
1184 2895 1267 2961 enim
1280 2922 1422 2964 nemeae

114 2999 225 3085 inquit,
250 3021 272 3063 o
290 3002 444 3084 fermento
472 2998 708 3062 Pharisaeorum
737 3006 764 3062 et
789 2998 1039 3064 deddeoeeorem.
1085 2997 1147 3063 Sed
1172 3006 1205 3065 et
1228 3000 1268 3066 de

116 3102 245 3168 Herode
268 3102 391 3167 dicens:
415 3102 530 3179 Dieite,
550 3101 662 3186 iuquit,
678 3102 766 3188 aedri
785 3102 866 3180 ieie,
882 3124 1016 3187 nequam
1030 3102 1178 3168 astutiam
1198 3104 1268 3190 ejua
1280 3118 1422 3160 haema

114 3213 148 3271 et
171 3206 277 3272 dolum
298 3205 488 3293 significans,
535 3205 731 3291 Quapropter
745 3204 848 3269 David
862 3206 1014 3291 propheta
1027 3205 1089 3271 ait:
1114 3206 1213 3271 Homo
1233 3208 1268 3271 ie
1281 3240 1313 3280 1».
1322 3240 1389 3283 Μ
1399 3241 1430 3282 n.

13 3335 93 3376 ona
114 3310 221 3375 dooere
228 3311 357 3396 peritos,
372 3309 559 3374 assimiletur
572 3309 778 3393 eetjemeotie.
814 3309 859 3375 Et
870 3310 983 3374 iterum
997 3309 1195 3376 ⁰Hieremiae
1208 3311 1266 3376 ait:

114 3414 201 3500 Equi
213 3416 357 3499 serentes
378 3415 462 3478 eirea
476 3413 626 3498 seminas
638 3413 726 3497 faeti
746 3423 824 3491 eoot,
850 3415 1055 3502 enusquieqee
1080 3414 1125 3478 ed
1145 3436 1377 3486 eeoremrma

108 3519 250 3605 proximi
267 3518 318 3583 aei
339 3516 504 3582 himeiebet.
552 3516 597 3581 Et
618 3516 732 3582 Esaias
749 3516 781 3580 in
803 3516 920 3582 Judaea
940 3539 1123 3603 praeoonune
1140 3524 1174 3583 et
1195 3539 1267 3582 eum

116 3620 215 3688 Israel
235 3620 408 3707 disputans,
431 3618 587 3705 principes
618 3617 824 3683 Sodomorum
849 3627 883 3683 et
903 3618 1053 3705 populum
1083 3618 1267 3684 Gomorrhae
1280 3648 1396 3690 Mum,

163 3783 249 3835 ¹dieto
257 3781 418 3834 medicatione.
439 3781 491 3832 The
500 3780 667 3847 frequentate
715 3780 829 3839 duodo&
847 3781 895 3831 but
911 3781 932 3830 it
949 3785 1087 3846 representa
1103 3777 1126 3843 d,
1139 3777 1190 3842 edi,
1209 3776 1269 3830 read

115 3869 143 3917 oi
152 3865 201 3917 thia
212 3865 302 3933 phrase
313 3867 352 3915 sor
364 3863 493 3926 obediente,
511 3861 561 3913 and
575 3861 668 3913 indicto
715 3879 743 3914 aa
760 3864 784 3925 d.

114 3951 203 4002 aedire
225 3951 264 3999 sor
280 3949 447 4008 dieobedimoe,
468 3951 582 4011 suggesto
599 3963 668 3996 eome
764 3945 843 3995 ’Ae
855 3943 930 3994 omita
941 3941 1014 3994 enim.

114 4032 255 4097 oompound
275 4031 358 4081 Greek
376 4029 452 4090 word,
475 4030 534 4078 auch
550 4045 578 4078 aa
595 4031 667 4089 λογο·
764 4027 776 4059 ⁴
792 4025 846 4087 Cn,
860 4027 922 4086 Aa„
935 4023 1026 4086 Voss„
1041 4021 1131 4075 Mauo,
1144 4035 1174 4075 11.
1187 4024 1243 4090 eim.

115 4117 212 4175 recede,
232 4114 393 4176 λαγοπειθιῑα,
411 4127 479 4176 upon
498 4109 541 4160 tho
560 4109 668 4174 aualogy
765 4109 776 4142 ³
793 4107 857 4173 quod
871 4109 892 4158 ie
907 4106 1015 4171 adopted
1031 4107 1096 4156 from
1108 4108 1152 4157 the
1166 4108 1266 4158 cuam.

114 4197 143 4246 of
167 4198 315 4258 λογομαχίὺ
342 4191 392 4244 and
419 4193 567 4254 λογομαχία.
622 4190 668 4240 See
715 4207 789 4257 eopy.
813 4191 856 4241 Al.
869 4203 933 4254 puer.
963 4189 1265 4253 reidtdrot'irodeptoe,

114 4291 171 4340 ⁴143,
182 4277 257 4338 mdo.
277 4277 368 4337 Below,
382 4277 426 4326 the
437 4273 544 4325 Ambae
555 4274 669 4322 indm
715 4274 787 4335 moue
804 4273 833 4322 ri
851 4274 900 4322 τῶν
914 4271 1045 4335 ἀνθρώπων
1062 4270 1178 4333 γέννημα,
1195 4270 1270 4324 οὕτως

114 4360 185 4421 aad,
199 4359 242 4408 the
259 4360 375 4422 negative
393 4357 488 4421 haring
509 4357 570 4405 been
593 4355 668 4404 Intro-
717 4355 808 4416 ἔλεγεν,
839 4353 947 4412 Pinnae
974 4353 1072 4413 ἐχιδνῶν
1099 4354 1171 4402 ord».
1214 4352 1267 4404 Aa.

114 4440 195 4489 duoed
205 4441 270 4489 from
281 4440 325 4488 the
335 4439 441 4502 margin.
717 4437 792 4486 omia
809 4435 939 4486 Dominus,

163 4519 365 4584 ¹qairIaiound
380 4521 407 4568 in
421 4515 670 4577 alitheMSS.,and
765 4515 932 4567 ‘Hieronicae
953 4516 997 4579 oit,
1017 4515 1080 4578 Am,
1100 4517 1147 4566 but
1166 4515 1270 4566 omitted

115 4601 246 4653 Mesenae
262 4618 320 4668 aaya
337 4601 439 4666 rightly,
459 4601 521 4652 Here
536 4598 622 4651 eoeele
635 4612 671 4648 re·
717 4599 752 4664 by
763 4599 809 4649 On.
