3000 4994
411 385 594 440 CHRISTUS
618 386 808 439 HOMINUM
828 385 955 440 SALUS.
1193 371 1258 436 105

105 535 196 602 nobis
221 535 361 624 ¹signum
383 537 416 602 in
438 539 635 623 profundum,
656 537 688 602 in
709 537 906 602 altitudinem
931 559 1065 613 sursum,
1088 536 1171 622 quod
1194 558 1256 600 non
1269 555 1424 643 &ffllffil

105 639 273 723 postulavit
297 642 400 719 homo,
425 642 500 728 quia
521 664 578 706 nec
601 641 736 727 speravit
759 640 912 727 virginem
934 648 1151 727 praegnantem
1177 639 1255 717 fieri,
1281 630 1417 736 M}ffi·{¹¹·'

103 741 115 771 ²
120 763 212 828 posse
226 765 296 829 quae
310 753 378 808 erat
392 745 479 832 virgo
494 754 526 809 et
541 766 648 828 parere
663 744 771 820 filium,
788 752 820 808 et
832 743 914 807 hunc
930 752 1055 828 partum
1070 743 1174 805 Deum
1187 762 1256 806 esse
1271 778 1421 788 ———-

103 844 264 923 nobiscnm,
281 856 313 911 et
333 848 519 913 descendere
539 849 571 912 in
587 869 625 912 ea
642 870 712 932 quae
733 855 807 912 sunt
829 847 987 912 ³deorsum
1002 854 1103 922 terrae,
1117 867 1256 931 quaercn-
1269 865 1408 952 {fi'ffllff

103 957 167 1013 tem
183 972 272 1015 ovem
287 974 356 1036 qnae
372 953 514 1038 perierat,
530 952 613 1038 quod
628 952 752 1038 quidem
764 959 830 1015 erat
846 951 1002 1036 proprium
1017 949 1115 1035 ipsius
1127 949 1256 1034 plasma,
1356 939 1363 952 ⁴

103 1062 136 1119 et
154 1055 321 1120 ascendere
343 1056 375 1118 in
396 1054 603 1132 altitudinem,
619 1056 800 1120 offerentem
822 1063 854 1120 et
876 1055 1146 1121 commendantem
1168 1052 1257 1118 Patri

103 1179 175 1221 eum
189 1158 347 1222 hominem
363 1158 415 1244 qui
429 1160 531 1223 suerat
545 1159 699 1237 inventus,
716 1157 868 1244 primitias
879 1157 1111 1223 resurrectionis
1122 1157 1257 1222 hominis

103 1260 136 1324 in
149 1261 317 1348 semetipso
331 1261 468 1326 faciens:
492 1270 528 1326 ut
543 1262 805 1347 quemadmodum
827 1270 923 1346 caput
944 1261 1113 1326 resurrexit
1132 1283 1152 1325 a
1175 1282 1256 1326 mor·

102 1363 175 1441 tuis,
190 1364 236 1429 sic
251 1373 283 1429 et
300 1365 454 1449 reliquum
475 1387 587 1452 corpus
603 1365 706 1431 omnis
719 1364 870 1429 ⁴hominis
885 1363 938 1451 qui
955 1364 1111 1429 invenitur
1129 1365 1163 1429 in
1179 1365 1254 1443 vita,

102 1469 231 1556 impleto
245 1479 386 1556 tempore
407 1470 675 1537 condemnationis
696 1473 774 1557 ejus,
799 1492 870 1554 qnae
891 1475 958 1535 erat
973 1477 1099 1556 propter
1116 1468 1256 1535 inobedi-

102 1572 228 1651 entiam,
243 1581 396 1659 resurgat,
419 1595 475 1659 per
494 1573 694 1660 compagines
714 1582 748 1639 et
769 1572 1003 1660 conjunctiones
1022 1570 1201 1637 coalescens
1222 1581 1255 1637 ct
1268 1593 1378 1645 apaan.
1389 1596 1419 1636 ra

102 1678 319 1742 confirmatum
332 1685 502 1764 augmento
519 1677 590 1755 Dei,
606 1698 791 1763 unoquoque
812 1676 1020 1742 membrorum
1035 1674 1170 1740 habente
1184 1698 1254 1760 pro·

102 1777 203 1862 priam
224 1785 257 1842 et
278 1786 385 1861 aptam
408 1778 441 1841 in
463 1798 591 1863 corpore
605 1777 803 1863 positionem.
849 1775 961 1841 Multae
981 1775 1064 1840 enim
1078 1775 1255 1843 mansiones
1266 1792 1316 1835 Joo'
1325 1795 1393 1835 xlv-2

101 1881 184 1967 apud
201 1881 340 1961 Patrem,
356 1881 503 1967 quoniam
516 1888 550 1947 et
565 1880 663 1945 multa
678 1881 816 1945 membra
830 1879 863 1944 in
877 1901 1016 1966 corpore.

557 2117 659 2183 ΟΑΡ.
684 2116 790 2181 XXI.

104 2269 227 2361 Quare
238 2270 580 2371 rnopnonininssnit
591 2273 695 2347 Dens
709 2271 749 2345 in
760 2269 1005 2346 inobedientia
1021 2269 1199 2345 bominis:
1221 2282 1253 2343 et

177 2388 326 2462 ostensio
344 2389 519 2487 qnoniam
535 2416 609 2488 pro
629 2417 667 2465 eo
686 2388 751 2488 qni
767 2389 931 2463 solvetur
947 2387 1090 2462 nornine
1102 2388 1253 2485 facturn

177 2520 235 2598 est,
258 2520 297 2580 nt
307 2507 552 2606 projiceretur
569 2509 610 2582 in
626 2510 721 2582 linire
738 2506 917 2582 munde-tn
935 2506 985 2581 de
997 2506 1198 2580 Porndiso.

103 2675 133 2737 l.
179 2672 429 2739 Macuuuruus
451 2675 548 2761 igitur
569 2675 629 2739 fuit
645 2675 733 2739 Deus
747 2675 911 2740 deficiente
932 2674 1068 2751 homine,
1090 2695 1160 2738 cam
1183 2696 1252 2758 quae

101 2796 156 2860 per
171 2775 312 2840 Verbum
326 2785 410 2841 esset
424 2777 586 2842 victoriam
597 2777 787 2842 reddendam
801 2776 830 2841 ei
846 2777 1027 2863 praevidens.
1073 2775 1154 2841 Oum
1168 2776 1252 2840 enim
1265 2798 1331 2838 acor.
1340 2797 1376 2838 m.
1385 2799 1403 2838 a.

99 2877 316 2962 perficiebatur
327 2880 425 2945 virtus
439 2880 472 2944 in
487 2881 677 2959 infirmitate,
693 2880 919 2967 benignitatem
930 2879 991 2944 Dei
1006 2886 1039 2944 et
1054 2878 1252 2965 magnificen-

100 2981 254 3046 tissimam
277 2984 461 3047 ostendebat
487 2983 646 3048 virtutem.
706 2983 795 3048 Sicut
821 2982 904 3047 enim
922 2982 1076 3068 patienter
1103 2981 1252 3047 sustinuit

99 3085 256 3149 absorberi
272 3086 390 3151 donam
409 3109 430 3151 a
444 3095 524 3167 ceto,
540 3109 603 3151 non
622 3095 658 3151 ut
678 3088 896 3152 absorberetur
915 3094 947 3150 et
963 3085 995 3149 in
1009 3093 1112 3152 totum
1127 3086 1250 3171 periret,
1265 3122 1365 3162 ,ΜΗ

99 3185 155 3250 sed
170 3196 205 3251 ut
220 3189 373 3253 evomitus
387 3189 488 3276 magis
509 3190 714 3275 subjiceretur
729 3189 809 3268 Deo,
822 3197 854 3253 et
872 3187 942 3275 plus
960 3187 1148 3274 glorificaret
1162 3194 1252 3252 ⁶eum
1263 3181 1305 3219 ἠ’

100 3289 153 3374 qni
180 3289 395 3375 insperabilem
420 3292 554 3356 salutem
583 3292 611 3357 ei
641 3292 798 3367 donasset,
828 3300 861 3356 et
889 3292 1011 3354 firmam
1036 3291 1252 3377 poeniteutiam

98 3390 215 3456 laceret
231 3392 388 3470 Ninivitis,
405 3402 440 3458 ut
455 3402 707 3460 converterentur
727 3394 769 3458 ad
784 3393 956 3458 Dominum
971 3393 1023 3478 qui
1039 3415 1094 3458 eos
1108 3393 1252 3459 liberaret

98 3514 119 3556 a
136 3503 247 3571 morte,
263 3495 449 3560 conterritos
470 3498 511 3562 ab
533 3519 570 3562 co
591 3497 683 3583 signo
705 3495 789 3583 quod
810 3496 928 3560 lactum
942 3504 1009 3561 erat
1025 3496 1107 3560 circa
1121 3495 1146 3558 J
1148 3517 1250 3572 onam,

99 3598 359 3682 quemadmodum
375 3601 536 3686 Scriptura
550 3600 589 3665 de
603 3600 652 3664 his
664 3599 757 3664 dicit:
783 3600 827 3665 Et
840 3599 954 3663 reverti
966 3607 1036 3663 anot
1051 3599 1252 3684 nnnoqanne
1262 3616 1403 3664 sonatan

30 3716 75 3756 2⁵¹·
98 3723 120 3764 a
135 3701 189 3765 oio
202 3723 259 3765 rna
273 3703 367 3781 omli,
383 3712 411 3767 et
429 3704 593 3787 injustitia,
609 3725 678 3788 qnae
692 3712 759 3767 erat
773 3703 808 3766 in
822 3702 960 3766 rnenidin
973 3723 1085 3778 eornm,
1100 3702 1249 3765 dicentes:

100 3803 175 3882 Quia
193 3806 249 3869 nit
267 3807 294 3870 si
309 3805 466 3892 penitebit
484 3807 577 3881 Dens,
599 3816 627 3869 et
646 3815 765 3870 coenet
784 3807 867 3870 irent
884 3826 973 3869 annm
991 3827 1012 3868 n
1032 3803 1123 3880 nodis,
1144 3814 1173 3869 et
1192 3826 1251 3868 non

89 3906 284 3992 peribimus?
330 3910 382 3974 Sic
397 3918 430 3974 et
446 3911 486 3973 ab
507 3910 594 3974 initio
612 3909 670 3974 fuit
689 3910 811 3996 patiens
829 3908 917 3973 Deus
936 3906 1093 3971 hominem
1109 3906 1249 3971 ⁶absorbi

97 4031 118 4073 a
132 4031 246 4097 magno
261 4020 341 4089 ceto,
358 4012 409 4098 qui
424 4012 483 4076 luit
497 4020 607 4077 auctor
621 4010 891 4099 praevaricationis,
907 4030 970 4073 non
988 4016 1024 4071 ut
1038 4008 1202 4092 absorptus
1216 4010 1249 4075 in

96 4121 198 4178 totum
217 4115 341 4199 periret,
357 4116 413 4180 sed
427 4124 615 4202 praestruens
629 4123 662 4180 et
675 4135 852 4202 praeparans
866 4111 1114 4178 adinventionem
1129 4111 1247 4192 salutis,

146 4267 156 4300 ¹
169 4268 257 4318 SceH.
267 4269 319 4318 ond
325 4268 368 4318 ln.
378 4269 448 4331 ostbe
454 4269 545 4330 Oreedr,
554 4286 580 4333 p.
589 4270 644 4331 ²7⁸·
744 4267 755 4298 ⁸
773 4267 826 4327 Cu,
839 4266 930 4324 Voss,
943 4264 1008 4314 unu.
1023 4279 1100 4328 mory.
1113 4281 1176 4316 enm.
1194 4267 1248 4320 Aa.

145 4347 158 4381 ¹
168 4350 196 4398 τὸ
208 4351 323 4398 δύνασθαι
337 4351 455 4412 παρθένον
465 4352 538 4399 οὖσαν
548 4351 588 4399 rol
598 4351 647 4399 τίκ·
698 4350 787 4399 Deum.

96 4449 149 4480 τειν
163 4431 217 4480 vttr.
747 4431 758 4463 θ
775 4431 874 4480 Cursu.
891 4431 936 4479 har
949 4429 1052 4492 obrnbt,
1067 4447 1094 4480 aa
1111 4431 1200 4482 Mnno.
1217 4445 1248 4482 11.

144 4512 448 4575 'Seelfiondl'luoftltc
456 4512 644 4578 Orecda,p.343.
697 4528 713 4561 a
734 4513 782 4561 fou
803 4513 865 4562 linea
887 4512 1037 4578 previously.
1078 4513 1116 4564 Of.
1138 4526 1155 4564 u
1177 4530 1202 4578 p.
1221 4513 1244 4576 6,

145 4593 250 4659 *cip
265 4592 318 4657 106,
332 4610 358 4645 n.
372 4595 395 4644 8.
697 4608 758 4657 ng.
