3000 4994
222 336 287 402 192
633 351 734 403 runis
759 350 957 402 cumcurn

80 521 183 607 battl-
221 517 249 572 σί
272 507 398 595 diligere
422 530 498 585 curn,
517 517 545 572 et
564 508 678 572 cerviae
700 507 830 570 Domino
856 506 921 569 Deo
946 512 996 568 tuo
1014 526 1050 567 aa
1074 499 1240 565 totocorde
1262 506 1321 574 luo,
1346 505 1374 559 ct

87 614 182 654 Wl-
222 632 258 675 aa
284 621 344 676 toto
373 612 481 675 anima
505 611 584 676 tua?
630 609 712 675 Hanc
737 617 842 674 antem
871 608 1038 695 gloriosum
1065 605 1190 692 quidem
1218 600 1374 666 faciebant

99 661 160 699 xant.

68 705 195 792 “dfffffll‘
222 713 389 792 hominem,
412 714 460 777 ¹id
474 713 555 798 quod
570 714 678 778 deerat
697 712 726 777 ei
741 710 965 796 ²adimplentia,
987 708 1018 772 id
1039 716 1088 773 est
1102 704 1272 771 amicitiam
1289 702 1371 777 Dci;

57 828 208 910 m
223 815 292 880 Deo
306 825 411 881 antem
426 817 635 903 2praestabant
649 815 744 878 nihil:
765 836 823 878 nec
838 815 921 878 enim
936 812 1096 898 indigebat
1108 805 1375 886 Densdilectione

222 919 368 985 hominis.
413 920 530 984 Deerat
552 927 657 983 autem
688 917 805 982 homini
827 917 925 1004 gloria
952 915 1024 993 Dei,
1052 935 1145 1001 quam
1174 909 1257 975 nullo
1283 909 1375 973 modo

221 1031 344 1108 poterat
359 1023 525 1108 percipere,
541 1021 599 1087 nisi
611 1045 666 1108 per
680 1044 749 1086 eam
764 1019 1008 1104 obsequentiam,
1025 1038 1094 1104 quae
1109 1024 1158 1080 est
1170 1036 1245 1100 erga
1260 1014 1375 1078 Deum.

223 1125 268 1189 Et
282 1136 408 1213 propter
421 1125 481 1190 hoc
501 1126 613 1190 itemm
631 1125 760 1211 Moyses
773 1123 818 1188 ait
835 1124 899 1196 eis;
925 1121 1015 1207 Eliyc
1030 1122 1134 1196 riman,
1153 1129 1187 1183 at
1202 1119 1287 1181 olcas
1301 1127 1335 1211 ta
1348 1125 1376 1180 ct

221 1238 430 1304 scommatum,
451 1227 577 1314 dilipcre
596 1227 761 1291 Dominum
780 1226 881 1291 Deum
901 1234 997 1301 tuum,
1018 1223 1168 1287 emutire
1184 1244 1282 1285 nocero
1301 1220 1374 1303 ejece,

222 1341 251 1395 et
275 1331 500 1418 apprchendere
526 1353 611 1395 eaor:
645 1331 787 1416 quoniam
815 1330 878 1393 tac
908 1338 948 1392 est
977 1329 1041 1391 cito
1071 1337 1135 1402 tuo,
1166 1335 1193 1389 ct
1223 1325 1377 1409 torpitudo

222 1435 344 1500 dierum
366 1445 497 1501 tuorum.
541 1436 579 1498 ln
606 1457 699 1519 quam
721 1434 815 1498 vitam
838 1442 1026 1519 praestrnens
1046 1428 1212 1505 hominem,
1236 1427 1376 1514 decalogi

222 1539 365 1623 ³quide1n
388 1541 481 1603 verba
503 1538 569 1624 ipse
595 1537 871 1623 persemetipsum
894 1536 1037 1601 omnibus
1058 1533 1200 1598 similiter
1222 1532 1378 1597 Dominus

223 1640 345 1706 locutus
359 1650 426 1706 est:
450 1650 482 1706 et
496 1641 566 1705 idco
580 1640 721 1704 similiter
735 1647 916 1726 permanent
933 1639 1016 1725 apud
1031 1659 1097 1714 nos,
1116 1636 1329 1701 extensionem
1344 1643 1378 1697 et

223 1753 435 1830 augmentum,
450 1744 506 1809 sed
526 1765 587 1808 non
607 1743 840 1807 dissolutionem
860 1741 1043 1826 accipientia
1063 1763 1117 1826 per
1135 1738 1289 1804 carnalem
1309 1736 1379 1822 ejus

223 1847 401 1912 adventum.
429 1846 593 1912 Servitntis
606 1856 712 1911 autem
722 1855 879 1932 praccepta
887 1844 1054 1932 separatim
1070 1866 1124 1930 per
1139 1843 1283 1928 Moysem
1298 1863 1378 1927 pne-

224 1951 307 2036 cepit
322 1950 445 2035 populo,
466 1958 540 2036 apta
559 1950 679 2015 illorum
700 1949 874 2027 eruditioni,
895 1949 976 2013 ⁴sive
991 1948 1208 2036 castigationi;
1232 1946 1378 2032 quemad-

225 2053 350 2118 modum
373 2053 439 2139 ipsc
461 2054 590 2139 Moyses
611 2054 673 2118 ait:
698 2052 745 2116 Er
764 2054 841 2118 racilii
854 2056 1005 2141 pracepit
1021 2055 1174 2117 Domi-rias
1195 2053 1229 2116 in
1250 2061 1379 2136 tempore

181 2207 184 2210 .
224 2156 287 2234 illo,
306 2157 407 2219 dicore
426 2154 505 2220 rodis
517 2156 748 2238 justificationes
766 2167 793 2221 et
804 2157 942 2240 judicio.
987 2157 1069 2221 Haec
1086 2177 1160 2243 ergo
1180 2176 1250 2240 cpuae
1269 2154 1301 2217 in
1315 2175 1379 2217 ser·

226 2259 366 2337 vitutem,
382 2267 414 2324 et
429 2258 461 2323 in
475 2260 599 2346 signum
614 2261 688 2324 data
698 2270 772 2325 sunt
783 2260 853 2338 illis,
865 2260 1124 2345 5circumscripsit
1136 2282 1215 2323 novo
1227 2258 1380 2322 libertatis

225 2371 424 2429 testamento.
470 2363 547 2444 Quae
576 2372 681 2428 autern
709 2364 871 2440 naturalia,
898 2375 930 2429 et
961 2364 1109 2443 liberalia,
1143 2373 1175 2429 et
1204 2362 1380 2437 communia

226 2465 374 2544 omnium,
389 2466 477 2530 auxit
492 2474 525 2530 et
539 2465 689 2545 dilatavit,
704 2466 771 2531 sine
786 2466 901 2532 invidia
915 2468 1059 2554 ⁰largiter
1069 2469 1189 2532 donans
1204 2467 1380 2532 hominibus

226 2590 281 2653 per
306 2569 515 2653 adoptionem,
544 2570 673 2634 Patrem
700 2568 780 2634 scire
806 2571 920 2647 Deum,
947 2579 980 2636 et
1004 2571 1131 2659 diligere
1155 2594 1225 2636 enm
1250 2594 1289 2635 ex
1312 2578 1381 2634 toto

226 2672 329 2750 corde,
350 2682 381 2736 et
401 2672 468 2736 sine
483 2672 690 2737 ⁷aversatione
704 2673 792 2760 sequi
810 2676 877 2760 ejus
894 2673 1046 2752 Verbum,
1068 2697 1130 2740 non
1147 2684 1270 2739 tantum
1285 2673 1381 2738 absti-

226 2785 336 2839 nentes
356 2797 375 2838 a
391 2775 479 2838 malis
499 2775 739 2861 operationibus,
761 2778 817 2841 sed
831 2777 926 2841 etiam
947 2800 967 2843 a
986 2778 1244 2864 concupiscentiis
1264 2799 1382 2843 earum.

227 2876 330 2940 Auxit
338 2887 443 2941 antem
455 2878 568 2942 ⁸etiam
580 2877 722 2942 timorem
735 2902 742 2940 :
766 2879 847 2943 filios
857 2879 939 2943 enim
951 2880 1020 2964 plus
1032 2880 1140 2945 timere
1155 2888 1277 2965 oportet
1289 2901 1383 2966 qnam

227 3000 341 3058 servoS,
358 2988 390 3044 et
405 2981 553 3064 majorem
568 2980 765 3045 dilectionem
781 2981 895 3047 habere
910 2982 942 3046 in
957 2992 1087 3069 patrem.
1123 2983 1168 3047 Et
1183 2992 1308 3068 propter
1322 2983 1382 3047 hoc

64 3101 123 3140 ura,
134 3099 208 3139 mac.
227 3082 272 3146 ait
288 3081 460 3147 Dominus:
488 3083 616 3147 Orionem
628 3105 790 3148 roriconem
807 3086 931 3149 otiosum
946 3109 1031 3171 quem
1046 3086 1138 3151 locuti
1148 3088 1274 3170 suerint
1288 3086 1382 3150 domi-

65 3197 125 3235 ffltt·
135 3206 154 3234 v·
164 3196 194 3234 2⁸·
228 3205 288 3261 acc,
304 3184 431 3248 reddeat
438 3207 500 3271 pro
515 3207 547 3249 co
558 3187 705 3251 rationem
719 3188 753 3251 iu
767 3188 817 3252 die
823 3188 944 3273 judicii
952 3213 963 3260 ;
980 3197 1022 3267 et,
1035 3192 1089 3275 qui
1101 3191 1213 3254 viderit
1227 3190 1383 3254 attollerem

230 3286 276 3351 ad
294 3289 558 3373 concupis-cendum
582 3312 657 3367 cain,
673 3289 745 3374 jam
760 3292 920 3356 rnoecltatnc
935 3302 975 3358 eat
997 3315 1063 3357 earu
1077 3295 1111 3358 ia
1131 3295 1218 3358 corde
1240 3317 1314 3369 stro;
1339 3304 1383 3371 et,

66 3406 126 3447 Matt-
137 3416 157 3443 v·
166 3406 195 3443 22·
230 3392 285 3476 qni
299 3393 447 3456 irascitur
452 3394 560 3476 fratri
573 3416 625 3458 suo
639 3394 720 3458 ”siae
734 3418 837 3473 rausa,
854 3418 924 3461 retra
945 3398 1005 3462 crit
1019 3398 1142 3483 jrnlicio
1151 3421 1161 3458 :
1186 3407 1222 3462 nt
1236 3399 1382 3474 sciamus,

231 3494 377 3580 qnoniam
398 3516 459 3560 non
482 3496 583 3561 solum
604 3498 756 3562 tactorum
777 3499 941 3565 reddemus
964 3501 1116 3566 rationem
1131 3502 1212 3581 Deo,
1232 3510 1267 3566 ut
1281 3501 1381 3578 servi3

281 3644 291 3675 ²
308 3646 387 3693 ταῦτα
395 3647 420 3694 δὲ
432 3648 524 3706 ἔνδοξον
535 3649 634 3706 ἐποίησε
644 3649 685 3696 τὸν
697 3651 783 3711 ἀνθρω·
835 3649 1099 3698 eruditionemlwcloco
1105 3649 1243 3712 riyruficare
1251 3650 1384 3699 ridebatur.

233 3744 286 3785 σον,
310 3729 338 3775 τὸ
359 3728 494 3789 ὑστέρησαν
512 3732 577 3791 αὐτῷ
596 3733 783 3792 ἐπιπληροΰντα,
834 3731 937 3780 Graan.
967 3732 1020 3780 The
1034 3733 1134 3780 CLERM.
1154 3733 1206 3780 also
1223 3734 1298 3781 omits
1317 3734 1387 3781 these

233 3811 345 3857 τούσεστι
364 3811 409 3869 τὴν
428 3813 471 3858 τοῦ
493 3812 554 3859 θεοῦ
578 3814 698 3873 φιλότητα
708 3850 783 3862 ......
834 3821 885 3863 two
897 3815 984 3865 words.
1013 3816 1092 3864 There
1104 3833 1214 3879 appears,
1223 3817 1345 3876 however,
1359 3822 1386 3864 to

238 3893 363 3954 Τστέρησε
377 3895 426 3955 γὰρ
438 3894 561 3956 ἅνθρωπος
574 3897 617 3953 τῆς
633 3897 676 3943 τοῦ
687 3896 748 3943 θεοῦ
763 3897 784 3943 δ.
834 3898 865 3945 be
880 3913 949 3945 rootn
963 3897 989 3944 in
1004 3898 1046 3946 the
1060 3904 1161 3946 context
1172 3898 1210 3946 for
1223 3899 1284 3946 both
1297 3898 1384 3957 worda,

283 3975 479 4040 9αᾱίσῳὶαιίιίι.
520 3978 553 4027 So
581 3979 696 4028 Srntttntt
723 3980 786 4028 from
835 3979 968 4027 eruditioni
984 3980 1104 4043 applying
1120 3987 1148 4029 to
1165 3982 1322 4039 δικαιώματα,
1338 3981 1388 4029 and

235 4060 367 4109 tlreVoss.
380 4060 427 4108 but
441 4062 484 4109 the
495 4061 539 4109 Cn.
557 4069 577 4109 ct
592 4060 785 4123 adimplendam.
836 4057 988 4119 cmiqutonr'
1004 4063 1031 4106 to
1048 4061 1142 4119 κρίσεις.

235 4142 297 4199 An„
319 4141 413 4189 Guuau
435 4142 484 4190 and
504 4141 590 4191 Mane.
611 4141 634 4191 ei
653 4128 786 4204 ianpleutiu.
884 4139 894 4169 ⁶
912 4139 1108 4202 circunmmipait
1122 4157 1162 4189 sec
1172 4158 1197 4204 p.
1211 4156 1250 4200 40,
1265 4158 1290 4190 u.
1305 4143 1328 4191 8.

235 4222 285 4270 Aa.
299 4221 350 4269 also
362 4223 406 4272 has
413 4225 551 4285 prmrtnbat.
885 4220 896 4252 ⁶
912 4221 1019 4285 turpiter,
1033 4223 1099 4286 gloss
1111 4239 1142 4271 on
1155 4224 1269 4284 ἀφθόνως.

285 4302 295 4332 ³
312 4304 363 4352 Aa.
376 4307 450 4354 omits
463 4306 566 4368 peritton.
885 4302 896 4335 ⁷
913 4304 969 4359 Cn..
980 4304 1060 4354 Voss.
1075 4305 1244 4354 adamantinae.

285 4386 365 4433 *nive
381 4389 546 4449 castigationi.
581 4389 642 4439 Hoc
659 4389 744 4438 (locunt
760 4390 789 4436 ia
885 4386 947 4435 ⁸80
966 4387 1009 4434 the
1028 4387 1105 4436 MSS.
1143 4388 1190 4435 Ga
1212 4395 1249 4442 ct,·
1274 4389 1390 4437 Saluium

243 4465 306 4515 Voce.
320 4473 340 4514 et
346 4466 412 4528 sorte
422 4471 511 4518 addita
522 4479 578 4519 anat
589 4488 606 4519 c
616 4472 740 4535 quopiam,
748 4472 790 4522 cni
837 4468 984 4532 incorrectly
994 4484 1050 4532 says
1062 4469 1118 4517 that
1129 4469 1160 4517 hc
1171 4470 1280 4519 ‹liscards
1291 4473 1318 4518 it.

239 4563 282 4594 uox
298 4550 405 4599 παιδείας
418 4552 607 4615 castigationem
619 4553 701 4616 potina
717 4571 791 4617 quma
886 4553 897 4583 ⁹
914 4552 959 4601 Sea
969 4568 995 4615 p.
1012 4555 1064 4610 181,
1079 4569 1103 4602 n.
1118 4568 1137 4602 1.
