3000 4994
248 323 315 398 300
676 336 813 392 POENAS
838 337 996 393 amram

108 511 211 596 uqaqrv.
249 493 364 595 φωτὸς
392 496 466 581 μετ’
495 493 637 589 ἀνάγκης
664 494 960 590 δονλαγωγοῢντός
991 527 1075 579 τινα,
1107 499 1194 581 μήτε
1223 502 1288 569 τοῦ
1313 496 1406 567 θεοῦ

116 632 201 688 ·1„„,·
248 607 459 710 βιαζομένου,
492 608 521 680 εἴ
550 610 595 694 μὴ
624 611 716 681 θέλοι
750 640 801 686 τις
833 619 1017 706 κατασχεῖν
1046 609 1148 680 αὑτοῦ
1177 609 1238 692 τὴν
1269 610 1403 706 τέχνην.

97 695 227 783 'llfflhv‘
249 718 306 790 Τὰ
338 718 391 792 οὖν
419 719 623 795 ἀποστάντα
656 727 721 794 τοῦ
756 727 922 822 πατρικοῦ
953 720 1076 822 φωτὸς,
1107 720 1160 792 καὶ
1192 719 1402 821 παραβάντα

248 831 309 904 τὸν
329 832 453 918 θεσμὸν
470 843 529 917 τῆς
545 834 737 934 ἐλευθερίας,
755 832 847 934 παρὰ
865 835 925 917 τὴν
943 839 1048 906 αὑτῶν
1064 834 1262 919 ἀπέστησαν
1281 835 1403 920 αἰτίαν,

249 946 402 1046 ἐλεύθερα
421 947 475 1018 καὶ
492 943 691 1044 αὐτεξούσια
708 948 768 1031 τὴν
786 948 915 1040 γνώμην
935 945 1117 1041 γεγονότα.

247 1148 337 1217 Deus
354 1158 447 1239 coget
468 1173 549 1232 eum,
571 1150 625 1237 qui
646 1150 725 1217 nolit
740 1148 899 1216 continere
918 1149 986 1235 ejus
1003 1155 1113 1214 artem.
1153 1149 1214 1231 Qui
1234 1148 1331 1237 igitur
1346 1147 1403 1214 ab·

246 1254 395 1321 stiterunt
423 1277 444 1320 a
461 1263 591 1340 paterno
615 1253 742 1332 lumine,
764 1261 797 1318 et
816 1251 1003 1339 transgressi
1025 1260 1100 1317 sunt
1115 1251 1217 1340 legem
1236 1251 1402 1330 libertatis,

246 1377 302 1442 per
315 1378 405 1421 suam
418 1357 608 1422 abstiterunt
622 1356 755 1442 culpam,
771 1354 859 1420 liberi
873 1354 993 1420 arbitrii
1009 1363 1041 1420 et
1054 1376 1121 1421 suae
1134 1355 1302 1441 potestatis
1314 1354 1403 1422 lacti.

247 1459 336 1525 Deus
355 1468 462 1525 autem
482 1460 587 1525 omnia
608 1459 785 1545 praescieus,
806 1457 945 1543 utrisque
966 1467 1057 1544 aptas
1076 1457 1262 1544 praeparavit
1280 1456 1403 1523 habita·

246 1559 367 1625 tiones:
383 1561 430 1626 sis
440 1560 567 1646 quidem
578 1560 631 1646 qui
645 1560 806 1646 inquiumt
820 1558 924 1624 lumen
938 1559 1249 1645 incorruptibilitatis,
1265 1559 1354 1623 etad
1369 1557 1404 1622 id

245 1671 417 1742 recurrunt,
441 1663 576 1750 benigne
599 1663 718 1728 donans
740 1663 800 1728 hoc
822 1663 906 1749 quod
931 1663 1153 1748 concupiscunt
1179 1663 1303 1737 lumem
1330 1661 1404 1727 aliis

244 1765 360 1830 veroid
372 1765 652 1843 contemnentibus,
668 1774 701 1831 et
714 1767 926 1831 avertentibus
939 1787 974 1831 sc
990 1766 1031 1830 ab
1046 1788 1084 1831 eo
1098 1774 1131 1831 et
1151 1765 1184 1830 id
1198 1763 1401 1851 fugientibus,

244 1875 277 1932 et
292 1867 380 1950 quasi
395 1866 581 1952 semetipsos
597 1867 839 1945 excaecantibus,
857 1875 1064 1955 congruentes
1080 1867 1190 1932 lumini
1209 1865 1402 1932 adversanti·

244 1971 303 2035 bus
314 1971 499 2055 praeparauit
511 1972 666 2050 tenebras,
679 1981 712 2036 et
724 1971 791 2037 ¹his
801 1971 854 2059 qui
867 1971 1027 2059 lugiuntei
1036 1992 1105 2037 esse
1113 1969 1256 2056 subjecti,
1272 1974 1402 2034 2οοιινο·

244 2070 343 2136 nienti
354 2071 493 2137 subdidit
508 2093 620 2158 poenae.
657 2072 817 2161 Subjectio
836 2082 943 2138 autem
957 2071 1019 2138 Dei
1033 2071 1183 2159 requietio
1197 2080 1247 2137 est
1260 2082 1399 2136 aeterna:

244 2181 280 2238 ut
294 2172 328 2236 hi
343 2173 396 2258 qui
411 2173 536 2261 lugiunt
550 2175 666 2254 lumen,
682 2175 811 2262 dignum
825 2177 908 2263 sugae
923 2199 988 2240 suae
1003 2175 1138 2240 habeant
1151 2175 1277 2250 locum;
1297 2182 1330 2240 et
1345 2174 1401 2261 qui

243 2274 368 2362 lugiunt
381 2285 533 2342 aeternam
547 2278 695 2364 requiem,
711 2288 934 2366 congruentem
947 2280 1029 2366 fugae
1044 2299 1109 2343 suae
1126 2277 1262 2343 habeant
1276 2276 1400 2341 habita·

243 2378 372 2446 tionem.
403 2380 483 2445 (tum
496 2389 603 2446 autem
617 2380 701 2467 apud
716 2380 820 2446 Deum
834 2381 939 2447 omnia
952 2382 1016 2447 sint
1030 2383 1121 2459 bona,
1137 2381 1189 2466 qui
1204 2402 1245 2446 ex
1255 2401 1313 2446 sua
1327 2401 1400 2444 sen·

205 2475 207 2478 ⁴
243 2481 344 2551 tentia
357 2481 480 2570 lugiunt
495 2483 608 2563 Deum,
624 2484 808 2570 semetipsos
822 2485 862 2549 ab
877 2484 1021 2550 omnibus
1034 2483 1179 2549 fraudant
1192 2482 1299 2547 bonis:
1315 2482 1401 2547 frau-

244 2585 310 2649 dati
323 2594 429 2650 autem
441 2587 585 2651 omnibus
599 2608 675 2674 erga
689 2587 793 2652 Deum
807 2586 907 2666 bonis,
918 2595 1141 2673 consequenter
1155 2585 1188 2650 in
1203 2584 1265 2651 Dei
1275 2586 1400 2671 justum

239 2688 393 2774 judicium
407 2689 556 2756 incident.
594 2689 656 2773 Qui
671 2689 755 2755 enim
769 2689 893 2777 lugiunt
906 2690 1055 2776 requiem,
1067 2691 1152 2776 juste
1167 2691 1200 2753 in
1214 2710 1309 2775 poena
1323 2710 1400 2754 con·

243 2792 465 2857 versabuntur:
485 2792 584 2880 etqui
604 2794 751 2879 fugerunt
767 2792 881 2869 lumen,
895 2792 981 2877 juste
1001 2792 1219 2857 inhabitabunt
1239 2794 1397 2858 tenebras.

245 2892 514 2974 Quemadmodum
534 2903 640 2959 autem
655 2894 687 2959 in
707 2894 767 2959 hoc
782 2893 943 2981 temporali
958 2894 1084 2973 lumine,
1105 2895 1158 2980 qui
1172 2895 1296 2982 lugiunt
1310 2895 1398 2973 illud,

244 2995 328 3080 ipsos
346 3016 381 3059 se
396 2997 533 3061 tenebris
552 2996 750 3082 mancipant3
773 2996 818 3061 ita
836 3005 872 3061 ut
886 3001 936 3062 ³et
950 2996 1009 3081 ipsi
1022 2997 1081 3062 sibi
1097 3017 1192 3062 causa
1209 2998 1297 3076 fiant,
1313 2997 1398 3085 quod

112 3171 117 3181 .
244 3095 456 3160 destituuntur
469 3097 618 3162 alumine
636 3106 669 3162 et
690 3097 866 3164 inhabitant
879 3099 1034 3177 tenebras,
1050 3107 1083 3164 et
1101 3120 1165 3164 non
1178 3099 1283 3164 lumen
1300 3120 1399 3165 causa

137 3220 140 3226 ·
243 3204 293 3262 est
305 3198 367 3262 ⁴eis
381 3198 556 3283 hujusmodi
577 3200 829 3280 conversationis,
842 3201 1101 3288 quemadmodum
1115 3201 1335 3288 praediximus:
1351 3202 1399 3268 sio

242 3307 394 3365 aeternum
415 3301 476 3365 Dei
498 3301 551 3388 qui
564 3302 689 3389 lugiunt
703 3302 817 3382 lumen,
838 3305 920 3389 quod
934 3305 1073 3370 continet
1087 3305 1170 3370 inse
1184 3306 1290 3371 omnia
1304 3306 1397 3384 hona,

243 3402 302 3487 ipsi
323 3403 384 3468 sibi
402 3425 497 3469 causa
515 3414 589 3470 sunt
609 3413 645 3471 ut
658 3413 792 3472 aeteruas
806 3406 981 3472 inhabitent
998 3410 1152 3487 tenebras,
1173 3410 1317 3475 destituti
1331 3431 1399 3475 oru-
1411 3429 1482 3470 aaa

242 3507 334 3573 nibus
348 3507 448 3588 bouis,
463 3509 683 3598 ⁴sibimetipsis
697 3532 792 3577 causa
805 3512 981 3597 hujusmodi
996 3511 1200 3579 habitationis
1213 3514 1300 3579 lacti.

291 3719 403 3771 1Ηιον.
841 3732 970 3787 νοονοιίοο
983 3727 1146 3775 αοοανοοίνιαο
1157 3727 1268 3791 acquirit.
1303 3729 1400 3795 Bytho

291 3799 371 3850 ’Aa
389 3802 711 3866 mumicnmn...pumam.
747 3803 792 3853 (lu.
842 3806 1005 3855 substitution
1020 3808 1048 3855 of
1059 3807 1102 3857 lor
1117 3810 1161 3857 the
1175 3825 1280 3874 passage
1297 3818 1399 3861 retume

237 3899 321 3947 poeuc.
339 3884 421 3935 Voss.
434 3885 694 3950 mmisoti...peuc.
726 3885 793 3936 Both
842 3887 967 3951 naturally
979 3888 1032 3936 into
1044 3888 1139 3938 Greek:
1158 3891 1263 3941 καὶτοὺς
1275 3895 1399 3952 φυγόντας

240 3965 290 4016 Gn.
303 3966 354 4015 and
364 3966 452 4017 Mass.
464 3966 549 4027 follow
559 3968 602 4018 the
612 3968 675 4028 Aa,
692 3968 740 4016 hut
750 3968 793 4017 the
842 3969 908 4028 αὐτῷ
930 3968 1103 4032 ὑποτάγεσθοι,
1128 3970 1161 4033 τῇ
1180 3972 1320 4036 «chrobry
1344 3973 1401 4025 trr-

239 4037 342 4114 ruudiug
369 4048 448 4098 above
474 4049 496 4097 is
523 4053 551 4098 at
577 4049 641 4099 least
667 4050 696 4101 of
720 4050 794 4114 equal
841 4049 977 4112 βαλεδίκῃ.

237 4128 374 4193 authority.
416 4129 512 4179 umas
528 4130 703 4194 objecta—Sed
720 4130 793 4180 reela
890 4127 1034 4178 'Susum
1044 4130 1138 4179 addsct
1151 4130 1213 4179 from
1224 4132 1267 4181 the
1279 4131 1363 4184 Voss.

237 4207 357 4259 muthuic
372 4209 793 4276 monimentumque
890 4208 968 4260 ‘Aa
981 4217 1013 4260 est
1022 4210 1144 4274 asmodi,
1161 4211 1385 4277 andribs'metipsi.
