3000 4994
574 375 851 430 TESTIMONIUM.
1244 357 1287 420 41

134 528 273 608 Domini,
300 538 333 596 et
348 533 358 572 ¹
371 530 510 617 regulam
533 529 672 596 veritatis
697 529 885 595 constituere
908 528 941 591 in
964 526 1116 606 Ecclesia,
1143 526 1215 613 quia
1238 536 1287 592 est
1307 547 1444 608 monnau

133 652 215 696 unus
238 632 326 697 Deus
347 632 554 718 omnipotens,
587 632 638 718 qui
660 654 716 718 per
735 631 877 695 Verbum
898 652 989 694 suum
1011 630 1116 694 omnia
1145 629 1229 707 lecit,
1254 638 1287 694 et
1308 610 1441 727 {affl-135¹·-

133 733 266 799 visibilia
286 744 319 800 et
338 734 520 810 invisibilia3
547 735 727 821 significans
747 755 876 820 qnoque,
895 733 1040 819 quoniam
1063 756 1117 818 per
1133 732 1285 809 Verbum,
1352 743 1373 782 ¹¹
1383 735 1398 772 ¹·

132 859 189 923 per
203 837 285 924 quod
301 838 388 902 Deus
402 839 531 924 perfecit
545 838 763 914 conditionem,
779 837 813 900 in
832 837 891 901 hoc
911 846 944 901 et
965 835 1098 900 salutem
1117 835 1167 898 his
1185 834 1287 918 quiin

133 938 310 1005 conditione
327 949 402 1004 sunt
417 941 563 1026 praestitit
582 939 777 1013 hominibus;
804 939 849 1004 sic
871 939 1027 1004 inchoavit
1047 939 1078 1002 in
1093 961 1131 1003 ea
1146 960 1215 1024 quse
1237 943 1287 1001 est

133 1042 303 1107 secundum
330 1042 535 1129 Evangelium
558 1043 716 1108 doctrina:
749 1043 792 1106 Iu
808 1043 970 1128 principio
993 1052 1061 1107 erut
1094 1040 1234 1119 Verbum,
1258 1051 1286 1105 et
1298 1056 1346 1097 ³0¹1.
1356 1057 1369 1096 ¹·
1379 1058 1429 1097 1-s

141 1144 271 1210 Verbum
285 1156 352 1210 erat
365 1147 453 1231 apud
465 1147 578 1224 Deum,
593 1157 622 1211 ot
635 1146 721 1210 Deus
734 1156 801 1210 erat
822 1144 972 1209 Verbum:
993 1145 1129 1210 hocerat
1145 1145 1179 1208 io
1194 1145 1286 1230 prin·

133 1249 216 1334 os'pio
230 1248 318 1333 apud
328 1249 438 1312 Deum.
472 1249 584 1313 Omnia
593 1271 656 1334 per
669 1249 870 1334 ipscmfacta
883 1257 963 1325 suot,
977 1257 1005 1312 et
1017 1249 1082 1312 sice
1092 1248 1287 1332 ipsosoctcm

134 1359 177 1414 ost
205 1350 293 1415 sitit.
339 1350 445 1430 ²de
459 1354 585 1435 sactum
606 1360 657 1428 est,
680 1351 716 1415 io
736 1352 803 1436 chao
825 1351 891 1414 cito
914 1360 991 1428 crat,
1007 1359 1036 1414 ct
1056 1351 1121 1414 cito
1143 1359 1211 1414 erut
1233 1350 1287 1415 los

133 1451 298 1532 lominum,
314 1463 343 1518 et
357 1454 412 1519 lun
425 1455 460 1518 io
477 1454 606 1519 mebris
621 1455 708 1532 lucet,
724 1466 752 1519 et
766 1452 895 1519 tecet-rw
910 1476 977 1519 eom
991 1477 1051 1519 corr
1065 1454 1286 1539 conmrelresde

133 1566 219 1622 runt.
265 1558 388 1636 Omnia,
411 1558 522 1644 inquit,
540 1579 603 1643 por
616 1559 717 1643 ipsum
730 1559 824 1642 facta
838 1568 929 1632 sunm
954 1558 986 1621 in
1000 1557 1135 1622 omnihus
1149 1579 1223 1644 ergo
1238 1568 1288 1622 est

132 1669 167 1726 et
181 1661 250 1725 haec
264 1683 334 1747 quae
355 1662 526 1726 secundum
540 1683 598 1727 nos
613 1670 662 1725 est
676 1661 832 1726 conditio:
857 1683 921 1726 non
935 1661 1019 1725 enim
1033 1661 1217 1726 concedetur
1231 1661 1287 1739 eis,

133 1766 237 1830 omnio
257 1765 317 1829 dici
331 1787 369 1830 ea
384 1787 453 1851 quae
468 1774 542 1830 sunt
556 1765 655 1830 ³inlra
671 1764 815 1829 Pleroma
830 1764 978 1849 ipsorum.
1023 1764 1058 1830 Si
1072 1765 1155 1829 enim
1173 1773 1206 1829 et
1220 1765 1288 1830 hsce

136 1867 282 1933 Pleroma
309 1868 447 1953 ipsorum
476 1867 626 1946 continet,
656 1889 719 1931 non
744 1876 834 1932 extra
862 1876 911 1932 est
939 1876 1029 1932 tanta
1057 1868 1119 1932 ista
1141 1867 1287 1945 conditio,

135 1971 396 2057 quemadmodum
411 1971 603 2036 ostendimus
617 1970 650 2034 in
664 1991 701 2034 eo
716 1970 794 2034 libro
809 1969 862 2056 qui
876 1979 949 2035 ante
960 1971 1042 2035 hunc
1057 1980 1124 2046 est;
1141 1971 1169 2035 si
1183 1979 1289 2035 autem

135 2081 226 2138 extra
242 2074 387 2139 Pleroma
401 2083 475 2138 sunt
489 2074 566 2149 haec,
583 2073 666 2158 quod
680 2073 805 2159 quidem
825 2073 1013 2159 impossibile
1032 2074 1130 2138 visum
1147 2083 1205 2151 est,
1221 2076 1289 2160 jam

135 2198 199 2241 non
220 2186 269 2242 est
283 2179 388 2243 omnia
404 2177 550 2242 Pleroma
569 2176 727 2261 ipsorum:
751 2198 814 2240 non
835 2185 884 2240 est
906 2199 982 2263 ergo
1004 2185 1091 2242 estro
1110 2176 1178 2242 haec
1200 2186 1289 2242 tanta

134 2280 283 2346 conditio.
328 2279 471 2345 Abstulit
494 2287 643 2344 autema
666 2278 756 2343 nobis
782 2278 989 2344 dissensiones
1012 2302 1120 2345 omnes
1142 2279 1208 2365 ipse
1230 2280 1289 2346 Jo-

133 2383 264 2460 hannes,
280 2383 405 2448 dicens:
428 2384 490 2448 ⁴Io
506 2383 560 2448 hoc
580 2383 693 2446 muodo
707 2392 783 2459 crat,
799 2392 827 2447 et
840 2384 969 2447 arundus
985 2407 1046 2470 per
1066 2386 1166 2470 ipsum
1179 2387 1289 2470 factrus
1300 2401 1371 2487 {fut
1383 2403 1434 2442 ¹⁰22

132 2484 456 2562 attonitiattonitis
469 2506 529 2549 coc
544 2484 689 2570 ooqcooit.
733 2484 776 2547 Iu
790 2505 849 2548 suo
857 2486 993 2569 propria
1008 2487 1099 2563 omit,
1116 2496 1143 2551 st
1157 2489 1207 2550 sui
1221 2510 1288 2552 cum
1324 2476 1329 2487 ⁸

133 2609 195 2652 coa
209 2597 394 2674 receperunt.
440 2587 617 2653 Secundum
636 2595 743 2652 autem
760 2588 972 2653 ‘Marcionem
987 2598 1019 2654 et
1033 2611 1088 2654 eos
1103 2590 1155 2674 qui
1170 2590 1288 2655 similes

133 2701 208 2755 sunt
223 2691 262 2770 ei,
277 2713 377 2779 neque
388 2693 523 2756 mundus
537 2714 593 2777 per
606 2713 679 2756 eum
692 2692 797 2756 factus
811 2700 876 2765 est;
895 2713 993 2777 neque
1008 2691 1039 2755 in
1054 2714 1112 2757 sua
1127 2693 1220 2771 venit,
1232 2695 1288 2758 sed

134 2795 168 2859 in
189 2795 299 2861 aliena.
344 2795 521 2861 Secundum
542 2805 649 2860 autem
671 2794 823 2881 quosdam
841 2794 1072 2874 Gnosticorum,
1087 2797 1146 2860 rab
1168 2795 1288 2883 angelis

184 3018 195 3053 ⁸
212 3019 410 3079 circumscribere,
429 3021 586 3083 περιγράφειν
602 3020 628 3068 in
645 3021 688 3069 the
734 3018 794 3067 raris
809 3035 941 3081 capream
959 3019 1025 3069 sidet
1046 3019 1286 3083 romulidum).

132 3117 205 3149 senso
223 3102 251 3150 ol
268 3101 404 3165 canoelling
422 3102 455 3166 by
471 3102 636 3161 obliteration,
659 3117 687 3149 as
738 3115 767 3165 19
786 3100 817 3165 [1.
838 3101 887 3166 771,
914 3111 934 3151 ct
956 3103 997 3152 lid.
1020 3115 1050 3152 11.
1070 3119 1123 3165 cup.
1145 3117 1157 3150 2
1176 3102 1206 3167 [1.
1221 3102 1287 3168 256}

132 3182 178 3231 the
194 3182 263 3230 word
279 3183 300 3231 is
316 3183 376 3231 used
397 3183 431 3246 by
447 3183 602 3244 AEsunrnss,
624 3200 687 3245 περι·
732 3197 809 3244 prope
820 3181 903 3242 firrcru,
916 3199 958 3231 occ
974 3199 1022 3231 non
1041 3183 1068 3230 in
1084 3183 1127 3231 hoc
1144 3183 1195 3246 ipso
1211 3184 1290 3246 cupite

132 3263 246 3326 γράψετέ
258 3282 289 3323 με
301 3265 327 3312 ἐκ
338 3266 380 3323 τῆς
393 3266 522 3313 πολιτείας.
737 3260 778 3326 [11.
789 3262 839 3327 48].
868 3263 935 3313 Unde
944 3281 991 3312 oon
1000 3272 1058 3313 rede
1066 3264 1091 3312 in
1101 3264 1165 3313 edire.
1176 3265 1290 3327 periodus

184 3344 194 3376 ¹
211 3344 279 3394 Once
297 3360 366 3394 more
384 3361 422 3394 we
439 3362 497 3409 may
514 3346 615 3395 observo
632 3346 688 3395 that
736 3343 789 3392 istis
807 3345 932 3394 clauditur
950 3346 1032 3405 cerdis,
1046 3347 1113 3410 quod
1125 3347 1220 3395 factum
1240 3353 1285 3397 est.

133 3428 160 3476 in
178 3427 221 3476 the
238 3428 335 3476 earliest
355 3443 401 3491 age
418 3428 446 3476 oi
463 3428 507 3476 the
525 3428 625 3476 Church
644 3428 688 3476 the
737 3425 787 3475 Gn.
811 3426 839 3476 It
849 3426 947 3490 maybe
958 3427 1077 3476 observcd
1086 3429 1142 3477 that
1150 3429 1193 3476 the
1203 3428 1289 3492 Syriae

134 3508 200 3575 Rule
211 3508 238 3556 ol
248 3508 448 3557 TruthorCreed
456 3509 505 3557 had
514 3509 688 3557 accordinate
736 3523 821 3570 agrees
833 3508 893 3556 with
907 3509 949 3556 tho
964 3509 1075 3557 received
1087 3511 1251 3573 punctuation
1263 3511 1291 3560 ol'

133 3589 198 3638 rank
210 3590 325 3653 assigned
336 3591 391 3638 toit
399 3591 459 3639 with
467 3590 536 3655 Holy
545 3592 672 3655 Scripture
679 3609 686 3651 ;
736 3590 779 3637 the
791 3588 881 3638 Sacred
892 3590 962 3638 Text.

132 3670 185 3719 and
194 3671 234 3719 for
244 3672 287 3720 the
297 3672 384 3736 sirnple
392 3688 485 3732 reason,
496 3672 553 3721 that
560 3673 602 3721 the
610 3673 688 3722 Creed
785 3670 796 3702 ³
813 3670 896 3733 Infra,
916 3688 944 3720 as
962 3672 1098 3733 elsewhere,
1118 3674 1143 3722 in
1160 3675 1203 3722 the
1219 3691 1289 3724 sense

131 3754 159 3801 in
183 3769 251 3801 some
277 3753 341 3802 form
367 3754 461 3802 existed
490 3755 515 3803 in
541 3755 584 3803 the
606 3756 688 3804 infant
736 3755 765 3802 ol
784 3753 857 3814 intra,
878 3771 911 3803 an
933 3772 1009 3819 usage
1030 3757 1059 3805 of
1077 3757 1140 3806 later
1162 3758 1289 3821 Latinity;

133 3834 244 3894 Church,
264 3836 335 3884 when
354 3852 382 3884 as
401 3841 444 3900 yet
462 3837 482 3884 it
499 3837 625 3900 possessed
642 3842 687 3886 not
736 3836 836 3884 whence
848 3836 890 3884 tho
902 3836 993 3884 Italian
999 3837 1055 3901 fra,
1072 3839 1140 3887 inter.

132 3918 177 3966 the
194 3917 302 3980 inspircd
320 3918 406 3966 Canon
423 3917 452 3965 ol
465 3918 507 3966 the
524 3918 589 3966 Now
604 3918 688 3967 Testa·
785 3915 796 3947 ⁴
812 3917 846 3965 Iu
860 3917 904 3966 Iroc
916 3919 1014 3967 retundo.
1046 3920 1099 3966 The
1117 3920 1248 3982 quotation
1267 3921 1289 3969 is

133 4004 211 4047 ment.
247 3998 292 4047 See
303 4011 322 4048 1.
335 3999 369 4048 iii.
383 4015 425 4048 xv.
435 4011 475 4047 111.
486 3999 580 4059 i.-—iv.,
593 4000 643 4047 and
654 4000 685 4049 cf.
735 3998 855 4062 similarly
872 3999 945 4047 modo
965 4000 1051 4060 below,
1071 4016 1096 4063 p.
1110 4002 1158 4060 428
1170 4001 1210 4061 G,
1227 4002 1289 4051 indi·

132 4079 200 4128 nm.
213 4079 265 4127 aad
275 4080 353 4129 Tdcol.
367 4079 396 4143 of
403 4080 440 4128 tho
448 4081 540 4141 crede,
558 4096 643 4143 1—33.
735 4082 820 4144 csting
840 4082 919 4129 either
937 4083 961 4130 ἐν
977 4085 1055 4142 τούτῳ
1071 4084 1107 4142 τῷ
1123 4084 1204 4143 κόσμῳ
1221 4083 1250 4142 ἦν
1263 4085 1289 4133 in

183 4175 283 4237 ’Quod
293 4179 391 4240 furlum
404 4186 442 4238 rat,
456 4180 483 4227 ia
496 4179 549 4241 ipso
561 4179 610 4228 ritu
625 4187 683 4229 erat.
734 4179 777 4226 the
795 4179 885 4237 Greek,
907 4195 936 4227 or
947 4146 1021 4238 lOOl
1048 4145 1116 4236 lJO'l
1143 4145 1289 4237 mm

133 4260 177 4309 Ito
187 4260 213 4309 S.
228 4260 335 4309 Ioannis
346 4267 432 4308 muro
437 4261 510 4322 justo
520 4260 594 4310 Codri.
604 4263 688 4310 Arca·
736 4261 762 4308 in
774 4261 816 4308 tho
829 4261 921 4325 Syriae.

132 4339 180 4388 dd.
194 4354 223 4387 oc
241 4339 303 4388 Voce.
316 4338 462 4401 distinquere
472 4339 573 4401 placuit,
582 4348 690 4390 asserus
786 4341 796 4372 ⁵
813 4341 989 4391 Marcionem„
998 4343 1097 4402 ‚alicam
1106 4343 1163 4393 Vol.
1173 4356 1191 4392 1.
1203 4343 1288 4409 p.216.

132 4438 183 4470 non
194 4421 271 4469 solum
284 4420 438 4481 Tertulliani,
451 4421 567 4484 Oriyoris,
578 4422 686 4482 Hilarii,
787 4421 799 4453 ⁶
814 4423 867 4470 The
884 4424 984 4472 Cannu.
1003 4441 1066 4488 copy
1083 4426 1140 4474 hers
1156 4427 1246 4475 inserts
1258 4427 1287 4487 rt,

134 4502 247 4564 Grecos-ii
259 4502 416 4561 Nazianzeni,
434 4501 531 4564 Gyrilli,
543 4502 685 4564 scauuini,
736 4510 763 4552 to
783 4504 862 4551 which
883 4504 926 4551 the
943 4505 1054 4566 cpodoas
1074 4507 1179 4567 follows,
1194 4515 1214 4557 ct
1231 4523 1287 4568 nors,

131 4583 282 4647 Hieronymi
284 4603 297 4642 ,·
312 4583 355 4633 ml
365 4591 387 4633 et
402 4583 480 4646 ipsius
496 4583 599 4635 Ireoaei:
615 4599 688 4647 quam
736 4586 778 4636 ee.
793 4586 899 4650 perhaps
909 4593 935 4634 ot
947 4603 1001 4647 non,
1016 4587 1073 4635 ἀλλ’
1084 4590 1118 4637 οὐ.
