3000 4994
216 316 281 382 232
573 329 749 384 GENTIUM
772 327 1006 384 DIFFICILIOR

65 507 177 593 ,ffssfllb
214 492 407 551 mortuorum
434 491 468 550 et
494 482 666 569 principem
691 481 764 547 vitae
791 480 863 557 Dei,
887 501 960 545 eum
989 480 1041 566 qui
1072 502 1129 566 per
1153 480 1368 546 extensionem

49 599 200 687 ‘ffl'ffil
214 609 361 653 manuum
375 587 562 652 dissolvebat
573 584 737 663 Amalech,
753 592 786 649 et
800 583 976 650 vivificabat
990 583 1147 648 hominem
1161 581 1201 647 do
1214 583 1369 668 serpentis

49 673 198 779 Q
214 689 307 777 plaga
325 712 381 776 per
401 689 495 754 fidem
510 709 580 774 quae
598 695 665 752 erat
679 687 712 751 in
726 708 809 751 eum.
846 686 964 751 Gentes
978 685 1103 772 quidem
1118 685 1217 770 primo
1233 685 1368 752 catechi-

50 803 176 892 ‚sspmvtt
214 795 304 858 sabat
327 793 509 879 Apostolus,
533 789 792 876 quemadmodum
813 788 846 853 in
867 809 905 853 eo
925 788 1013 867 libro,
1035 788 1088 874 qui
1108 796 1182 852 ante
1202 788 1286 852 bunc
1307 796 1366 866 est,

214 896 416 973 ostendimus,
438 895 596 960 discedere
614 893 656 957 ab
676 893 826 957 idolorum
845 892 1075 978 superstitione,
1095 900 1129 957 et
1147 913 1242 955 unum
1263 892 1368 956 Deum

214 998 325 1076 colere,
343 1000 492 1064 factorem
512 997 583 1062 coeli
604 1004 637 1061 et
654 1004 756 1075 terrae,
775 1003 809 1061 et
829 996 980 1061 universae
998 995 1184 1061 conditionis
1203 995 1368 1060 fabricato·

213 1121 294 1166 rem:
318 1123 387 1167 esse
401 1108 506 1166 autem
520 1099 613 1185 hujus
632 1098 749 1163 Filium
771 1097 913 1162 Verbum
927 1098 1005 1185 ejus,
1022 1120 1077 1183 per
1096 1120 1187 1184 quern
1204 1098 1367 1163 constituit

215 1203 329 1279 omnia,
355 1212 389 1269 et
416 1203 499 1268 hunc
525 1203 557 1266 in
587 1200 770 1266 ¹uovissimo
795 1209 935 1287 tempore
960 1202 1117 1266 hominem
1140 1202 1171 1265 in
1190 1201 1368 1266 hominibus

214 1305 343 1384 factum,
358 1306 541 1370 relonnasse
556 1304 681 1390 quidem
700 1304 871 1369 humanum
888 1326 996 1390 genus,
1012 1303 1201 1369 destruxisse
1215 1313 1320 1369 autem
1335 1314 1368 1371 et

215 1408 326 1474 vicisse
340 1407 498 1474 inimicum
512 1406 656 1485 hominis,
672 1414 705 1472 et
720 1407 852 1473 donasse
866 1429 923 1472 suo
939 1407 1081 1494 plasmati
1103 1408 1251 1472 adversus
1270 1408 1368 1473 reluc-

215 1517 335 1576 tantem
356 1511 546 1576 ²victoriam
579 1510 695 1576 Adhuc
709 1518 815 1575 sutem
829 1509 888 1574 etsi
909 1532 971 1575 non
986 1510 1141 1576 faciebant
1156 1511 1207 1596 qui
1222 1519 1311 1575 erant
1328 1532 1369 1575 ex

215 1614 448 1681 circumcisione
469 1635 629 1679 sermones
646 1613 718 1690 Dei,
733 1613 817 1699 quod
836 1621 941 1679 essent
963 1621 1180 1691 contemtores,
1205 1615 1260 1679 sed
1279 1622 1369 1679 erant

216 1717 440 1804 ⁸praeinstructi
457 1739 520 1782 non
534 1715 694 1793 moechari,
706 1737 764 1781 nec
778 1715 932 1795 fornicari,
948 1739 1010 1782 non
1024 1717 1131 1796 furari,
1143 1739 1201 1783 nec
1215 1717 1367 1796 fraudare,

215 1827 249 1885 et
271 1842 464 1906 quaecunque
486 1820 519 1884 in
540 1818 774 1885 ⁴exterminium
796 1819 1006 1904 proximorum
1025 1821 1115 1899 liunt,
1137 1820 1220 1885 mala
1239 1842 1317 1900 esse,
1336 1828 1369 1887 et

215 1923 293 1988 odiri
309 1945 329 1988 a
347 1923 428 1990 Deo.
465 1924 659 2010 Quapropter
680 1931 713 1989 et
733 1921 823 1988 facile
841 1923 1054 1989 assentiebant
1071 1924 1113 1989 ab
1129 1924 1180 1989 his
1201 1925 1367 2005 abstinere,
1382 1955 1460 1993 oar.

215 2025 360 2111 quoniam
375 2024 444 2091 haec
458 2025 641 2092 didicerant.

281 2132 312 2194 2.
357 2129 498 2194 Gentiles
520 2152 592 2194 vero
617 2138 651 2195 et
676 2130 735 2196 hoc
757 2129 859 2217 ipsum
884 2129 1002 2198 discere
1027 2133 1200 2218 oportebat,
1223 2132 1369 2216 quoniam

216 2230 392 2316 hujusmodi
410 2231 604 2317 operationes
618 2231 718 2311 malea
733 2241 767 2298 et
785 2233 1072 2313 ‘exterminatoris
1088 2241 1121 2299 et
1141 2233 1267 2299 inutiles
1285 2241 1369 2306 sunt,

216 2341 250 2400 et
264 2334 421 2399 damuosae
435 2334 485 2399 his
499 2334 552 2420 qui
567 2343 735 2421 operantur
749 2356 812 2400 eas.
845 2337 1041 2422 Quapropter
1058 2335 1127 2422 plus
1141 2335 1302 2401 laborabat
1316 2337 1369 2423 qui

216 2437 249 2501 in
265 2445 377 2524 gentes
396 2436 605 2522 apostolatum
625 2446 796 2523 acceperat,
817 2459 911 2523 quam
925 2439 978 2524 qui
998 2439 1030 2502 in
1045 2439 1277 2505 circumcisione
1292 2462 1370 2525 prae·

217 2542 372 2605 conabant
384 2539 501 2605 Filium
515 2540 587 2605 Dei.
625 2540 700 2607 Illos
714 2541 796 2606 enirn
810 2540 999 2629 adjuvabant
1012 2541 1190 2628 Scripturae,
1205 2564 1282 2629 quas
1297 2563 1370 2607 oon-

216 2644 351 2709 firmavit
366 2643 522 2709 Dominus
540 2650 572 2709 et
591 2643 780 2731 adimplevit,
795 2645 868 2710 talis
888 2645 1015 2711 veniens
1034 2645 1152 2730 ⁵qualis
1173 2654 1206 2711 et
1221 2646 1369 2732 praedica·

216 2749 322 2813 batur:
346 2747 398 2813 hic
413 2769 484 2812 vero
499 2745 661 2834 peregrina
675 2747 817 2833 quaedam
831 2747 974 2823 eruditio,
989 2756 1022 2812 et
1036 2770 1115 2813 nova
1129 2747 1280 2826 doctrina,
1295 2748 1371 2812 deos

216 2849 367 2936 gentium,
378 2870 440 2913 non
452 2850 552 2913 solum
565 2871 628 2914 non
643 2870 713 2914 esse
727 2849 812 2926 detta,
827 2850 882 2914 sed
891 2849 939 2914 ⁶et
953 2848 1035 2914 idola
1048 2872 1117 2915 esse
1128 2849 1368 2923 daemoniorum

217 2973 286 3017 esse
300 2958 405 3015 autem
419 2971 515 3014 unum
531 2950 645 3029 Deum,
660 2950 713 3036 qui
728 2958 777 3015 est
790 2972 882 3037 sopor
895 2973 1009 3015 oomom
1023 2953 1035 2994 ⁷
1037 2952 1262 3038 primiprtom,
1278 2962 1306 3016 et
1319 2952 1372 3016 do-

217 3054 421 3131 minationem,
438 3061 466 3117 et
472 3061 659 3138 potestaten,
674 3063 703 3117 ct
717 3075 800 3117 morte
813 3061 921 3117 homeri
933 3055 1014 3140 qaod
1025 3056 1215 3119 nominatur:
1232 3063 1265 3120 et
1279 3056 1372 3143 hujus

220 3156 372 3235 Verbum,
383 3155 584 3221 ⁸naturaliter
594 3156 718 3243 quidem
732 3157 925 3236 invisibilem,
938 3158 1122 3245 palpabilem
1133 3167 1166 3224 et
1176 3160 1327 3225 visibilem
1340 3161 1371 3223 in

219 3259 395 3325 hominibus
410 3260 537 3336 factum,
558 3267 591 3325 et
605 3282 697 3347 usquo
710 3261 755 3324 od
766 3269 890 3325 mortem
908 3261 1114 3341 descendisse,
1134 3273 1257 3328 mortem
1271 3272 1372 3327 autom

219 3364 336 3428 crocis:
359 3371 392 3428 et
411 3363 532 3448 eosqui
550 3362 583 3427 in
602 3386 672 3428 eum
687 3362 827 3442 credunt,
849 3363 1097 3450 incorruptibiles
1114 3374 1148 3431 et
1167 3367 1372 3453 impassibiles

272 3615 282 3649 ¹
300 3616 355 3676 Cu„
369 3618 430 3677 Aa„
444 3616 518 3676 Vua,
532 3614 621 3677 Voss,
638 3616 669 3665 al.
688 3616 715 3664 iu
731 3632 770 3663 no·
821 3623 875 3677 tem,
898 3615 944 3667 but
966 3618 1011 3667 has
1032 3634 1106 3680 super
1127 3634 1212 3679 cinnes,
1236 3621 1373 3686 indicatiug

222 3698 487 3762 vr'asimiatemporibua
822 3699 903 3762 plural
915 3715 995 3748 nonne
1013 3701 1052 3748 for
1066 3702 1109 3749 the
1123 3701 1222 3762 hrcrrrrc,
1243 3718 1269 3750 ss
1288 3704 1313 3751 in
1331 3705 1374 3752 the

272 3780 283 3812 ¹
299 3783 349 3830 Aa.
363 3781 452 3829 inserts
463 3795 493 3838 se,
507 3781 552 3839 rip
569 3783 632 3829 κατὰ
642 3782 686 3828 τοῦ
697 3796 769 3829 κατα·
824 3780 910 3844 Syriae
920 3782 1024 3831 version.

223 3865 388 3913 παλαίσαντος
404 3863 476 3922 νίκην.
872 3860 883 3892 ⁸
900 3862 1056 3911 Naturaliter
1064 3864 1164 3927 quidem
1172 3865 1373 3925 invisibilemdrc.

270 3944 281 3977 ⁸
299 3945 427 3993 Mestum
438 3944 509 3992 reads
520 3943 666 4007 procincti,
680 3944 730 3992 aud
741 3945 771 3992 hc
822 3941 1061 4005 mansino
1070 3944 1288 4008 oidaurimiqnem
1298 3947 1376 3996 locum

222 4032 310 4093 quotes
327 4028 370 4076 the
387 4026 487 4077 Cursu.
508 4027 558 4075 and
580 4026 661 4074 Voss.
682 4025 758 4075 MSS.
763 4062 771 4086 ,
824 4023 919 4086 Immtii
930 4025 958 4071 in
968 4024 1077 4087 Epistola
1088 4026 1124 4074 ad
1135 4026 1308 4090 Polycarpum,
1323 4028 1374 4076 Irc-

221 4110 319 4173 though
342 4111 386 4158 the
409 4109 453 4157 (ln.
483 4109 528 4157 has
552 4107 699 4170 precaria&
725 4107 772 4156 but
824 4103 874 4154 καί
889 4105 1047 4169 mopiatram:
1063 4106 1092 4154 in
1105 4122 1151 4171 qno
1168 4108 1208 4156 cir·
1225 4109 1376 4171 spostolicae

222 4189 339 4240 Gsanl’s
348 4189 452 4253 reading
462 4204 546 4252 agrees
555 4187 636 4236 better
644 4187 705 4236 with
716 4205 772 4250 προ·
826 4189 949 4240 Christum
962 4189 1058 4239 Filium
1072 4190 1121 4240 Dei
1137 4190 1198 4240 dicit
1211 4193 1253 4240 rho
1266 4193 1374 4253 ἀόρατον,

222 4270 391 4332 scrupulosi,
415 4268 496 4317 which
518 4284 569 4317 was
591 4267 711 4333 probably
730 4269 773 4317 the
825 4272 867 4320 τὸν
878 4269 982 4330 δι’ἡμᾶς
994 4271 1087 4333 ὁρατόν*
1104 4273 1146 4320 τὸν
1153 4273 1324 4335 ἅψηλάφητον,
1334 4275 1377 4321 τὸν

222 4350 304 4399 Greek
315 4349 390 4399 word.
424 4349 476 4399 AB.
489 4349 540 4396 and
551 4347 589 4397 M.
602 4360 631 4396 11.
645 4364 672 4396 aa
685 4348 770 4397 above.
826 4354 917 4413 ἀπαθῆ,
935 4354 977 4401 τὸν
991 4352 1020 4401 δι’
1033 4353 1223 4414 ἠμᾶεπαθητόν·
1254 4354 1292 4417 Of.
1306 4355 1374 4406 Ball.

270 4430 282 4461 ⁴
299 4432 330 4480 etr
348 4430 469 4489 ἐξωλείαν.
480 4431 605 4490 ..lintheis
826 4434 860 4484 D.
881 4432 938 4482 Fid.
951 4434 984 4482 N.
998 4447 1054 4495 470.
1084 4435 1116 4483 Et
1125 4435 1222 4497 quidem
1233 4437 1312 4498 Μαρία
1322 4453 1377 4485 curn

270 4509 281 4541 ³
298 4510 342 4558 Cn.
355 4510 418 4558 tolio.
822 4514 1109 4565 Imoiooooromonat
1116 4517 1261 4580 bumpolnto
1267 4519 1375 4581 epistola,

270 4589 282 4623 ⁶
298 4592 349 4640 As.
363 4591 439 4639 omits
449 4597 477 4639 rt.
820 4610 850 4646 ea
865 4611 914 4659 pao
926 4595 993 4660 forte
1008 4603 1029 4645 et
1042 4596 1071 4645 to
1083 4598 1190 4661 locatio,
1204 4606 1225 4648 et
1239 4600 1269 4649 is
1283 4601 1377 4650 Ircureo

270 4670 350 4720 ⁷An.
364 4672 438 4721 omits
452 4671 769 4737 principatum...potesto·
819 4676 930 4740 quedam
940 4677 1149 4740 samtauppleodc.
1173 4680 1277 4730 Gaass.
