3000 4994
227 348 290 412 146
507 363 549 415 IN
574 362 810 416 EVANGELIIS
835 362 1076 416 OSTENDITUR

77 536 132 592 un
138 536 181 621 pv.
223 515 397 581 incredulos
411 537 477 581 suae
493 515 604 581 salutis
617 516 739 581 efficere
761 515 914 594 homines,
934 523 966 580 et
987 516 1185 602 blasphemos
1199 517 1230 579 in
1246 517 1376 602 plasma-

68 593 197 716 Qvi&
223 626 323 684 torem
347 619 461 686 Deum.
507 619 706 705 Quaecunque
726 617 810 682 enim
833 641 905 683 cum
923 619 1077 705 gravitate
1099 641 1221 684 summa
1244 620 1377 685 dixerint

59 724 210 810 *ll—
224 744 333 788 omncs
357 721 505 799 haeretici,
529 723 562 787 in
587 722 731 786 ultimum
751 722 793 786 ad
819 722 879 787 hoc
903 722 1080 799 deveniunt,
1104 731 1140 786 ut
1164 722 1378 807 blasphement

224 825 451 902 fabricatorem,
472 835 504 890 et
527 826 742 890 contradicant
756 824 849 889 saluti
869 825 1032 910 plasmatis
1055 825 1128 904 Dei,
1148 826 1230 912 quod
1254 825 1376 911 quidem

224 938 274 995 est
285 952 376 994 caro:
398 939 524 1015 propter
542 950 635 1015 quam
659 950 783 993 omnem
798 928 1032 1013 dispositionem
1047 928 1157 993 fecisse
1174 928 1289 992 Filium
1305 928 1376 1007 Dei,

224 1033 331 1097 multis
345 1033 447 1097 modis
460 1032 663 1108 ostendimus,
674 1041 707 1096 et
721 1032 986 1096 manifestavimus
999 1032 1153 1096 neminem
1166 1032 1262 1096 alium
1274 1031 1378 1095 Deum

223 1137 370 1223 appellari
385 1158 405 1201 a
420 1135 597 1220 scripturis,
614 1136 674 1201 nisi
690 1136 820 1202 Patrem
835 1135 982 1216 omnium,
998 1144 1031 1202 et
1048 1135 1175 1215 Filium,
1190 1144 1223 1202 et
1239 1139 1310 1200 ¹eos
1325 1135 1377 1221 qui

224 1239 422 1325 adoptionem
437 1239 563 1304 habent.

722 1477 824 1544 cAP.
850 1478 878 1544 Ι.

228 1631 390 1707 Ostcnsio
407 1631 581 1732 qnoniam
593 1633 779 1709 Dominus
791 1662 906 1709 uocem
917 1635 1031 1711 solum·
1042 1635 1167 1710 Deum
1177 1649 1209 1710 ct
1221 1636 1377 1710 Putrem

680 1752 917 1851 cognoscebat.

292 1922 322 1982 1.
358 1916 437 1983 Onu
457 1917 500 1982 sit
520 1916 616 2005 igitur
635 1918 695 1984 hoc
710 1919 833 1983 firmum
849 1927 881 1986 et
903 1928 1060 1999 constans,
1076 1919 1231 1984 neminem
1245 1918 1377 1985 altemm

226 2018 331 2086 Deum
345 2029 378 2086 et
393 2021 565 2085 Dominum
579 2043 599 2086 a
615 2020 732 2107 Spiritu
744 2023 956 2108 praedicatum,
973 2022 1032 2087 nisi
1048 2045 1119 2088 eum
1134 2023 1186 2110 qui
1201 2024 1378 2088 dominatur

62 2148 198 2189 rannac
226 2124 364 2190 omnium
388 2123 486 2201 Deus,
506 2147 578 2189 cum
595 2123 702 2190 Verbo
719 2147 787 2203 suo,
809 2135 842 2191 et
862 2127 934 2192 ¹e0s
956 2127 1008 2212 qui
1026 2127 1203 2212 adoptionis
1227 2126 1376 2212 Spiritum

225 2228 392 2313 accipiunt,
409 2228 468 2293 hoc
490 2234 548 2307 est,
570 2249 624 2293 eos
645 2228 697 2314 qui
718 2229 848 2294 credunt
868 2230 901 2293 in
917 2252 1013 2293 unum
1033 2237 1067 2294 et
1080 2251 1187 2294 verum
1208 2228 1321 2306 Deum,
1344 2237 1377 2293 et

227 2331 387 2396 Christum
413 2330 526 2395 Jesum
553 2330 668 2396 Filium
695 2331 776 2406 Dei;
800 2333 942 2397 similiter
966 2340 1000 2396 et
1026 2332 1197 2418 Apostolos
1222 2331 1377 2396 neminem

225 2433 320 2500 alium
334 2456 354 2499 a
368 2434 544 2519 semetipsis
559 2433 662 2498 Deum
680 2434 861 2520 appellasse,
873 2443 928 2500 aut
943 2435 1113 2499 Dominum
1125 2434 1375 2520 cognominasse;

224 2538 323 2603 multo
344 2546 450 2602 autem
475 2536 575 2624 magis
600 2536 772 2602 Dominum
798 2547 951 2615 nostrum,
975 2538 1028 2622 qui
1053 2546 1087 2602 et
1115 2537 1204 2602 nobis
1230 2538 1377 2623 pracepit

62 2658 211 2702 amunio.
224 2641 380 2705 neminem
396 2639 524 2703 Patrem
539 2640 690 2719 confiteri,
705 2640 764 2705 nisi
780 2661 852 2704 eum
867 2641 919 2725 qui
935 2649 984 2704 est
1001 2641 1033 2703 in
1054 2639 1150 2718 coelis,
1166 2639 1219 2726 qui
1234 2649 1282 2703 est
1297 2662 1377 2705 unus

225 2743 323 2821 Deus,
344 2751 376 2806 et
391 2764 471 2808 unus
486 2742 603 2807 Pater:
626 2743 790 2808 manifeste
811 2743 889 2808 salsa
906 2744 1112 2809 ostenduntur
1130 2765 1168 2807 ea
1185 2765 1254 2829 quae
1269 2744 1377 2808 dicunt

224 2845 486 2911 circumventores
505 2854 538 2909 et
559 2846 782 2930 perversissimi
802 2847 962 2933 sophistae,
985 2847 1125 2912 dicentes
1145 2846 1326 2910 naturaliter
1343 2854 1376 2911 et

225 2946 330 3014 Deum
346 2958 379 3014 et
394 2947 523 3012 Patrem
535 2969 613 3026 esse,
636 2970 728 3032 quem
743 2949 802 3034 ipsi
817 2950 1058 3024 adinvenerunt;
1083 2948 1290 3034 Demiurgum
1303 2970 1376 3013 vero

223 3051 407 3116 naturaliter
420 3073 521 3140 neque
537 3052 652 3129 Deum,
668 3074 768 3137 neque
785 3052 913 3118 Patrem
928 3074 1008 3131 esse,
1021 3052 1076 3117 sed
1092 3052 1185 3117 verbo
1199 3058 1292 3116 tenus
1304 3051 1375 3129 dici,

224 3174 262 3218 eo
279 3152 362 3238 quod
376 3153 551 3218 dominetur
565 3152 774 3233 ’conditionis
786 3154 867 3219 sicut
880 3153 987 3218 dicunt
1002 3153 1137 3240 perversi
1152 3158 1165 3194 ³
1170 3153 1375 3240 grammatici,

223 3256 456 3343 ⁴excogitantcs
477 3256 510 3319 in
533 3257 655 3321 Deum:
679 3265 712 3321 et
727 3255 900 3321 doctrinam
923 3256 1047 3342 quidem
1062 3256 1177 3321 Christi
1194 3257 1375 3342 praetermit-
1389 3287 1414 3327 ρ,
1427 3287 1470 3330 ῃσ,

224 3369 338 3437 tentes,
354 3368 385 3423 et
400 3381 420 3423 a
432 3359 608 3446 semetipsis
621 3368 728 3424 autem
743 3359 822 3424 salsa
836 3357 1021 3436 divinantes,
1041 3359 1188 3423 adversus
1202 3360 1376 3423 universam

224 3461 286 3527 Dei
303 3462 537 3548 dispositionem
561 3471 829 3549 argumentantur.
875 3461 1002 3527 Etenim
1017 3463 1144 3527 AEonas
1158 3485 1242 3540 suos,
1255 3471 1288 3527 et
1302 3464 1377 3527 deos

223 3573 274 3634 let
292 3576 397 3653 patres
412 3574 445 3631 et
464 3567 616 3646 dominos,
636 3567 737 3632 adhuc
756 3567 851 3632 etiam
874 3574 908 3632 et
927 3566 1023 3632 coelos
1041 3567 1144 3632 vocari
1168 3568 1286 3645 dicunt,
1306 3589 1377 3631 cum

227 3670 333 3736 Matre
353 3692 420 3748 sua,
437 3693 531 3755 qnam
554 3680 586 3735 et
601 3675 736 3736 lterram
758 3680 791 3736 et
813 3671 1012 3735 Hierusalem
1027 3671 1194 3758 appellant,
1211 3670 1377 3757 multisque

223 3775 293 3840 aliis
308 3775 465 3839 vocabulis
486 3797 556 3839 eam
571 3776 835 3861 cognominantes.

289 3881 320 3942 2.
356 3877 413 3943 cui
428 3887 534 3942 autem
545 3877 664 3942 nonsit
679 3876 888 3954 manifestum,
902 3874 1047 3962 quoniam
1057 3876 1083 3941 si
1096 3877 1253 3942 Dominus
1263 3877 1377 3940 multos

223 3990 328 4068 patres
342 3981 452 4046 scisset
467 3990 499 4047 et
514 3982 599 4060 deos,
615 4002 677 4045 non
698 3979 896 4066 praecepisset
918 3978 1077 4063 discipulis
1096 3979 1163 4043 suis
1183 4001 1278 4043 unum
1298 3979 1377 4042 scire

225 4083 340 4163 Deum,
364 4094 397 4167 et
411 4085 494 4149 hunc
515 4084 649 4149 eundem
668 4083 769 4147 solum
788 4103 898 4147 vocare
920 4081 1073 4146 Patrem!
1110 4082 1173 4146 Sed
1190 4083 1295 4168 potius
1315 4082 1376 4145 dis-

60 4210 177 4252 sonans
223 4186 319 4250 tinxit
340 4187 466 4271 eosqui
488 4194 562 4251 sunt
581 4187 675 4252 verbo
695 4194 786 4250 tenus
810 4184 863 4265 dii,
882 4185 922 4249 ab
943 4206 981 4249 eo
1000 4185 1053 4269 qui
1076 4185 1118 4250 sit
1132 4208 1203 4250 vere
1227 4184 1325 4262 Deus,
1341 4190 1377 4247 ut

274 4339 283 4370 ¹
302 4340 347 4388 Sec
358 4357 382 4404 p.
396 4356 434 4401 21,
451 4358 476 4390 n.
490 4356 514 4404 5.
825 4340 890 4389 dom
904 4340 1079 4403 perversissimi
1089 4341 1205 4403 sophista,
1223 4351 1276 4400 147.

273 4418 285 4451 ²
301 4422 449 4482 conditionis,
466 4423 520 4482 On,
537 4423 617 4473 Voss.
637 4424 675 4473 ὅτι
694 4427 779 4486 κρατεῖ
873 4421 885 4454 ⁴
902 4424 1049 4472 ἐπινοοῦντες
1060 4424 1123 4470 κατὰ
1135 4423 1177 4470 τὸν
1188 4422 1254 4470 θεόν.

224 4498 268 4557 τῆς
280 4499 385 4558 κτίσεως,
403 4500 434 4547 nl.
447 4501 588 4550 conditioni.
610 4502 709 4563 carp,
721 4516 773 4552 nm.
873 4503 885 4536 ⁸
901 4504 946 4554 Ga.
960 4505 1034 4552 omits
1044 4510 1073 4553 ά.

274 4576 285 4609 ³
302 4579 463 4641 mammio,
489 4580 685 4646 Mytholmiam,
708 4583 776 4632 Pon·
874 4584 885 4618 ⁰
901 4593 998 4646 mm,
1022 4598 1041 4636 1.
1055 4583 1095 4647 46,
1109 4585 1159 4635 and
1171 4583 1226 4648 368,
1240 4601 1265 4635 n.
1280 4599 1304 4636 a.
