3000 4994
493 360 751 415 nusnnvauun
776 351 922 416 annue.
1214 341 1281 413 407

127 520 292 603 ἠθέτησαν
318 517 460 619 ἀριθμὸν
485 524 548 590 τοῦ
574 519 746 604 ὀνόματος,
770 521 795 592 ν’
815 520 987 619 ψήφισμα
1012 520 1203 620 ίιφελόντες,
1228 521 1283 591 καί
1326 530 1419 619 {gif

129 632 203 704 ἀντὶ
223 637 290 704 τῶν
316 631 356 727 ἓξ
379 629 517 703 δεκάδων
541 633 619 716 μίαν
651 629 769 704 δεκάδα
798 633 1000 721 βουλόμενοι
1027 633 1118 705 εἶναι.
1147 631 1282 704 ’Ἄλλοι
1300 624 1443 713 θηῇέὲθῗ

129 742 164 815 δὲ
189 743 417 839 ἀνεξετάστως
446 751 570 817 τοῦτον
597 747 773 835 λαβόντες,
801 749 835 817 οί
861 743 921 829 μὲν
945 749 1060 823 α’πλῶς
1089 744 1143 817 καί
1177 746 1285 817 Ῑάκαί-
1298 719 1446 806 -ἶι-ω-ι

127 889 191 956 ρως
224 857 454 942 ἐπετήδευσαν·
492 861 526 929 oi
556 855 591 929 δὲ
624 856 711 930 κατά
741 857 978 957 ἀπειροκαλίαν
1010 858 1203 942 έτολμησαν
1229 859 1284 930 καί

130 971 234 1055 ὄνομα
273 969 445 1071 ἀναζητεῖν
479 971 559 1067 ἔχον
590 968 652 1042 τδν
686 972 900 1070 ἐσφαλμένον
935 971 989 1041 καί
1027 969 1286 1071 διημαρτημένον

129 1081 280 1181 ἀριθμόν.
320 1081 437 1154 Ἀλλά
457 1094 530 1161 τοῖς
543 1081 603 1168 μὲν
619 1087 735 1161 α’πλῶς
753 1084 806 1154 καί
826 1080 950 1160 ἀκάκως
968 1089 1074 1155 τοῦτο
1094 1089 1283 1169 ποιήσασιν,

129 1194 212 1272 είκδς
241 1196 295 1267 καί
328 1197 527 1289 συγγνώμην
557 1198 693 1267 ἔσεσθαι
725 1194 818 1295 παρὰ
847 1196 943 1267 Θεοῦ.
989 1195 1095 1268 Ὅσοι
1129 1195 1164 1266 δέ
1196 1194 1284 1269 κατά

128 1306 317 1403 κενοδοξίαν
334 1308 504 1410 ὁρίζουσιν
529 1309 679 1393 ὀνόματα
705 1306 967 1408 διημαρτημένον
989 1309 1133 1408 ἀριθμοῦ
1155 1340 1286 1394 νενομο-

129 1424 302 1506 τεθῆσθαι,
321 1421 375 1492 καὶ
399 1419 443 1494 τὸ
466 1420 519 1492 ὑπ’
539 1422 645 1493 αὐτῶν
666 1420 834 1505 έπινοηθέν
858 1423 961 1506 ὄνομα
981 1421 1151 1523 ὁρίζονται
1165 1477 1173 1493 .
1186 1475 1195 1492 .
1207 1474 1215 1492 .
1229 1423 1285 1494 orla

130 1533 271 1605 ἀναίτιοι
301 1535 393 1607 οὗτοι
423 1531 664 1628 ἐξελεύσονται,
692 1535 743 1607 ἔτι
772 1534 825 1607 καί
853 1535 978 1619 αὐτοὺς,
1002 1536 1056 1606 καὶ
1085 1535 1161 1612 τοὺς
1190 1536 1286 1619 ε’μπι-

130 1647 337 1724 στειίσοντας
365 1647 476 1724 αὐτοῖς
504 1645 786 1741 ἐξαπατήσαντες.
845 1648 915 1718 Καὶ
941 1652 1077 1747 πρῶτον
1101 1645 1160 1732 μὲν
1185 1647 1286 1749 ζημία

130 1759 163 1828 ἐν
181 1767 232 1849 τῷ
250 1760 433 1856 ἀποτυχεῖν
452 1767 510 1843 τῆς
528 1760 690 1845 ἀληθείας,
710 1759 765 1830 καί
787 1757 832 1832 τδ
850 1759 896 1844 μή
915 1758 954 1831 δν
974 1764 1014 1838 ὡς
1034 1757 1072 1832 δν
1090 1763 1285 1849 ἀπολαβεῖν·

131 1873 248 1944 ἔπειτα
274 1870 309 1943 δὲ
332 1878 395 1946 τοῦ
411 1872 621 1972 προσθέντος
648 1868 665 1954 ἢ
694 1873 887 1972 ἀφελόντος
909 1905 943 1944 τι
966 1881 1024 1956 τῆς
1046 1880 1191 1973 γραφῆς,
1215 1874 1287 1944 έπι-

130 1985 244 2068 τιμίαν
273 1986 310 2056 οὔ
334 1986 394 2067 τήν
417 1991 587 2081 τυχοῦσαν
613 1987 760 2081 ἔχοντος,
787 1987 830 2064 είς
852 1985 952 2068 adrian
978 1987 1134 2068 ε’μπεσεῖν
1159 1983 1286 2079 ἀνάγκη

130 2095 191 2168 τάν
218 2104 384 2170 τοιοῦτον.
437 2097 727 2182 Ἐπακολουθήσει
757 2095 793 2169 δὲ
821 2098 875 2169 καί
905 2100 1017 2198 ἕτερος
1043 2101 1106 2197 οὐχ
1130 2101 1149 2171 ὁ
1174 2099 1287 2196 τυχιδν

130 2208 269 2288 κίνδυνος
285 2221 357 2288 τοῖς
375 2208 505 2308 ψευδῶς
522 2211 769 2310 προειληφόσιν
787 2208 902 2282 εἰδέναι
922 2210 967 2283 τδ
983 2219 1046 2284 τοῦ
1064 2212 1287 2311 ἀντιχρίστου

129 2439 226 2495 mum,
247 2425 279 2482 et
300 2417 436 2483 medium
450 2418 634 2484 frustrantes
648 2439 811 2484 numerum
831 2418 975 2497 nominis,
991 2418 1215 2506 quinquaginta
1229 2440 1286 2484 nu-

129 2542 231 2586 meros
246 2521 445 2600 deducentes,
460 2543 517 2607 pro
536 2543 593 2587 aex
608 2521 749 2586 ’decadis
769 2543 864 2586 unam
883 2523 1032 2588 decadem
1047 2523 1185 2587 volentes
1204 2545 1284 2589 esse.

131 2624 222 2712 [Hoc
231 2633 337 2690 autern
346 2624 675 2712 arbitrorscriptorum
689 2633 853 2712 peceatum
863 2625 969 2705 fuisse,
985 2634 1020 2690 ut
1029 2625 1108 2691 solet
1120 2626 1196 2705 lieri,
1210 2648 1286 2713 quo·

129 2728 214 2792 niam
227 2735 260 2794 et
280 2750 334 2814 per
347 2728 453 2793 literas
468 2728 586 2792 numeri
606 2736 773 2814 ponuntur,
792 2728 882 2793 facile
901 2728 1023 2793 literam
1045 2729 1200 2809 Graecam,
1216 2751 1286 2815 quae

30 2867 113 2908 m,
131 2833 294 2919 sexaginta
311 2833 453 2898 enuntiat
474 2855 646 2910 numerum,
669 2832 703 2897 in
724 2832 789 2897 iota
809 2832 990 2899 Graecorum
1007 2832 1130 2897 literam
1151 2838 1287 2920 ³expan·

130 2933 236 3020 aam;]
260 2944 332 3021 post
353 2935 464 3001 deinde
485 2935 610 3020 quidam
631 2935 698 3000 aine
713 2934 920 3019 exquisitione
932 2934 991 3000 hoc
1006 2943 1210 3022 acceperunt;
1232 2935 1286 3000 alii

29 3069 109 3108 aaa
130 3038 254 3124 quidem
276 3037 457 3123 simpliciter
473 3047 506 3104 et
528 3038 654 3104 idiotice
673 3046 899 3124 usurpaverunt
919 3038 1081 3103 denarium
1101 3061 1283 3105 numerum:

130 3139 255 3225 quidam
270 3148 376 3205 autem
390 3163 445 3227 per
459 3141 667 3228 ignorantiam
681 3141 749 3206 ausi
764 3149 839 3206 sunt
853 3149 886 3206 et
903 3141 1029 3207 nomina
1043 3142 1215 3227 exquirere,
1230 3142 1287 3207 ha·

129 3244 236 3308 bentia
250 3243 361 3308 falsum
375 3245 487 3309 erroris
501 3266 672 3311 numerum.
708 3244 772 3310 Sed
785 3244 836 3311 hia
850 3244 976 3330 quidem
990 3244 1042 3330 qui
1057 3245 1239 3332 simpliciter
1252 3253 1286 3312 et

130 3344 197 3409 sine
212 3344 331 3410 malitia
351 3345 410 3410 hoc
430 3346 579 3424 fecerunt,
594 3346 782 3411 arbitramur
800 3347 922 3412 veniam
941 3346 1007 3412 dari
1022 3369 1043 3412 a
1062 3348 1142 3415 Deo.
1186 3351 1286 3432 Quot·

131 3454 207 3530 quot
221 3454 325 3512 autom
340 3448 511 3512 secundum
525 3448 647 3514 inanem
660 3449 790 3536 gloriam
800 3459 943 3516 statuunt
954 3452 1080 3516 nomina
1094 3452 1287 3519 continentia

130 3548 241 3613 salsum
259 3571 431 3628 numerum,
453 3558 487 3615 et
507 3551 589 3637 quod
609 3572 630 3616 a
648 3573 684 3616 ae
702 3551 796 3618 suerit
814 3553 1014 3618 adinventum
1033 3575 1157 3633 nomen,
1178 3554 1286 3619 delini·

131 3660 222 3716 erunt
243 3674 312 3717 esse
333 3651 414 3717 illius
436 3653 488 3738 qui
507 3661 654 3720 venturus
673 3662 741 3731 est;
765 3678 827 3721 non
845 3657 913 3722 aine
936 3657 1050 3722 damno
1068 3658 1148 3722 tales
1168 3659 1285 3737 exient,

131 3755 244 3841 quippe
266 3755 318 3842 qui
338 3763 371 3820 et
392 3756 585 3842 semetipsos,
607 3765 640 3823 et
658 3758 820 3824 credentes
839 3760 898 3824 aibi
917 3761 1116 3825 seduxerunt.
1162 3759 1206 3825 Et
1225 3761 1286 3847 pri·

130 3881 216 3923 mum
237 3859 362 3944 quidem
382 3859 530 3925 damnum
552 3872 601 3929 est
621 3861 764 3928 excidere
781 3884 802 3927 a
815 3863 954 3938 veritate,
976 3868 1026 3928 ⁴et
1046 3864 1128 3950 quod
1148 3885 1211 3928 non
1232 3863 1284 3943 sit,

131 3962 219 4046 quasi
234 3962 396 4028 arbitrari:
420 3971 492 4049 post
507 3965 628 4043 deinde,
644 3965 812 4052 apponenti
832 3965 880 4029 vel
895 3965 1048 4030 auferenti
1066 3966 1105 4030 de
1126 3966 1286 4052 Scriptura

130 4087 256 4149 poenam
277 4087 341 4130 non
358 4066 511 4133 modicam
531 4069 606 4146 fore,
622 4069 655 4133 in
675 4091 768 4155 quam
783 4067 919 4132 incidere
938 4089 1065 4133 necesse
1080 4075 1129 4133 est
1147 4090 1218 4134 eum
1233 4070 1286 4155 qui

130 4167 172 4233 ait
195 4166 276 4233 talia.
324 4167 537 4254 subsequetur
559 4179 665 4236 autem
687 4178 720 4235 et
742 4169 827 4234 aliud
849 4189 912 4233 non
935 4169 1094 4255 quodlibet
1116 4170 1286 4257 periculum

180 4334 609 4398 1ν.1.ικυρῶς,κυ11αααυονίιαιι.
735 4333 852 4382 brackets
880 4333 953 4382 mark
975 4349 1008 4382 an
1030 4334 1130 4384 cuidant
1154 4334 1285 4399 interpola·

179 4416 225 4468 ²f.
238 4418 253 4467 l.
267 4416 387 4479 ιίιοαιίὶίθ,
399 4419 416 4467 i.
427 4436 448 4467 e.
462 4417 600 4467 moadeca
686 4414 690 4420 '
735 4415 798 4463 tion.

180 4498 191 4531 ³
208 4500 245 4548 ι’.ι,
259 4498 281 4553 Ξ
291 4500 343 4547 into
352 4500 396 4548 EI.
431 4499 552 4561 Compare
562 4497 683 4556 taretros,
784 4496 795 4528 ⁴
811 4497 862 4546 AB.
875 4504 896 4546 et
907 4497 971 4561 quod
981 4513 1031 4547 uon
1040 4497 1090 4547 tint
1101 4499 1197 4561 urbc'tn',
1210 4499 1227 4551 f.
1236 4499 1253 4550 l.
1265 4506 1287 4550 d

131 4599 155 4646 p.
169 4595 226 4645 409,
243 4594 265 4641 3,
285 4579 336 4629 and
355 4580 479 4642 Χρεῖστος,
502 4575 555 4638 ι46,
573 4592 593 4625 ι.
631 4576 684 4626 The
735 4578 906 4642 quodnonait,
919 4580 952 4630 n't
963 4580 1033 4645 ηυαιί
1042 4580 1170 4634 arbitrari.
