3000 4994
243 344 308 410 102
635 353 786 408 cunrsvl
809 351 1009 406 nrvrrvrras

79 536 230 622 rumpam·
245 522 277 590 oi
294 518 432 602 πολλοὶ,
449 517 502 588 καὶ
523 516 701 605 ἀπέβαλον
719 516 779 599 τὴν
798 514 889 617 ζωήν·
917 510 1017 591 οὕτως·
1038 512 1100 584 ἔδει
1122 512 1177 584 καὶ
1195 509 1233 580 da'
1253 510 1393 591 ὑπακοῆς

85 628 226 715 ffiiifftifi'
245 630 313 709 ἑνὸς
331 632 513 729 ἀνθρώπου,
539 635 601 703 τοῦ
621 631 759 728 πρώτως
779 628 813 699 ἐκ
837 628 1002 727 παρθένου
1020 626 1247 719 γεγενημένου,
1267 620 1393 692 δικαιω-

112 721 198 766 ΜΜ·
270 753 285 768 0
474 742 482 769 v
562 742 607 768 aa
754 752 766 766 ι.
830 741 838 766 a
1000 741 1008 766 r

81 796 224 806 --—
245 749 335 827 θηναι
354 751 502 820 πολλους
518 774 572 812 και
592 742 782 830 απολοβειν
801 773 861 824 την
880 770 1057 839 σωτηριαν.

244 933 318 999 iacti
340 941 414 999 sunt
435 932 535 1012 multi,
558 938 591 997 et
613 931 786 997 amiserunt
808 932 925 1008 vitam;
954 931 999 996 ita
1021 928 1158 1015 oportuit
1183 934 1217 994 et
1242 949 1298 1013 per
1323 926 1394 990 obe

244 1036 393 1102 dientiam
412 1034 505 1100 unius
528 1034 673 1113 hominis,
696 1035 749 1121 qui
772 1035 891 1119 primus
915 1038 971 1100 ¹ex
992 1033 1111 1120 virgine
1133 1040 1226 1096 natus
1247 1038 1306 1109 est,
1325 1030 1393 1116 jus-

244 1140 356 1204 tificari
378 1138 503 1218 multos,
530 1146 563 1203 et
587 1138 745 1225 percipere
767 1138 911 1204 salutem.
965 1137 1018 1202 Sic
1043 1136 1139 1223 igitur
1164 1136 1306 1201 Verbum
1332 1133 1393 1198 Dei

79 1256 142 1343 pour
152 1257 219 1297 mii·
244 1243 338 1307 homo
353 1242 455 1307 iactas
468 1249 527 1319 est,
542 1241 802 1327 quemadmodum
816 1249 849 1307 et
865 1241 994 1328 Moyses
1008 1240 1072 1305 ait:
1095 1239 1191 1318 Deus,
1209 1260 1282 1303 esra
1303 1259 1394 1324 qriero

244 1344 318 1428 ejas.
374 1342 409 1408 si
430 1350 536 1408 autem
556 1363 620 1407 non
642 1343 744 1409 iactus
767 1365 839 1410 caro
860 1345 1005 1430 ”parebat
1031 1342 1119 1427 quasi
1142 1362 1225 1418 caro,
1243 1361 1306 1404 non
1328 1347 1396 1404 erat

243 1469 350 1513 verum
376 1468 455 1531 opus
480 1447 559 1533 ejus.
605 1445 697 1528 Quod
725 1455 831 1512 autem
855 1447 1012 1533 'parebat
1034 1446 1094 1511 hoc
1121 1452 1154 1510 et
1175 1452 1263 1519 erat;
1296 1443 1395 1521 Deus,

242 1549 378 1615 hominis
399 1549 560 1636 antiquam
580 1548 818 1633 plasmationem
835 1548 869 1614 in
889 1571 924 1615 se
942 1548 1160 1635 recapitulans,
1185 1555 1221 1611 ut
1241 1546 1397 1612 occideret

243 1653 370 1739 quidem
391 1660 565 1738 peccatum,
584 1660 749 1718 evacuaret
770 1662 878 1718 autem
900 1660 1043 1732 mortem,
1061 1659 1094 1717 et
1113 1649 1283 1716 vivificaret
1297 1649 1396 1715 homi-

244 1779 335 1823 nem:
359 1765 392 1823 et
406 1763 532 1844 propter
545 1755 605 1822 hoc
619 1776 693 1822 vera
706 1777 800 1843 opera
814 1756 893 1842 ejus.

716 2054 817 2126 OAP.
840 2055 928 2122 XX.

306 2207 493 2285 Advorsae
509 2235 567 2285 cos
583 2208 648 2310 qui
664 2207 791 2286 dicant
809 2236 891 2287 eom
908 2237 952 2286 ec
968 2211 1004 2286 J
1000 2211 1107 2312 caepit
1121 2223 1343 2311 pecccatum.

247 2392 278 2456 1.
301 2392 438 2455 Russus
463 2397 570 2455 autem
596 2390 649 2475 qui
675 2390 758 2455 nude
786 2394 927 2456 ³tantum
948 2391 1106 2458 bominem
1127 2414 1200 2458 eum
1221 2391 1329 2456 dicunt
1356 2411 1395 2455 ex
1409 2417 1493 2460 mur.

245 2492 384 2578 ⁴«ioseph
405 2500 600 2579 generatum,
624 2502 858 2579 perseverantes
887 2494 921 2558 in
949 2495 1098 2560 servitute
1127 2494 1267 2579 pristinae
1290 2493 1396 2559 inobe

245 2596 370 2661 dientiae
392 2596 572 2673 moriuntur,
595 2595 733 2660 nondum
754 2597 932 2662 icommirti
956 2597 1064 2664 Verbo
1086 2597 1147 2664 Dei
1166 2598 1283 2676 Patris,
1297 2619 1489 2683 nequeunte.

245 2721 301 2783 per
327 2697 444 2762 Filium
469 2699 677 2783 percipientes
697 2699 882 2779 libertatem,
906 2701 1164 2787 quemadmodum
1185 2701 1252 2787 ipse
1273 2701 1335 2765 ait:
1360 2698 1398 2763 at

81 2812 222 2854 lotum
245 2799 351 2864 Filiae
364 2821 414 2863 eoa
428 2801 646 2876 manumiserit,
663 2822 732 2866 ecre
747 2801 837 2866 litori
856 2803 950 2867 eritis.
998 2803 1183 2889 ignorantes
1201 2810 1307 2867 autem
1326 2824 1399 2866 eum

246 2902 298 2989 qui
320 2922 361 2965 ex
388 2901 520 2987 Virgine
541 2909 591 2966 est
613 2902 810 2982 Emmanuel,
832 2905 992 2989 privantur
1008 2926 1136 2969 munere
1154 2906 1233 2992 ejus,
1252 2904 1335 2990 qnod
1349 2913 1399 2970 est

245 3003 311 3067 vita
338 3010 475 3067 aeterna:
514 3025 578 3068 non
606 3003 793 3090 recipientes
828 3013 936 3070 autem
970 3005 1110 3072 Verbum
1147 3006 1397 3093 incorruptionis,

245 3113 443 3192 perseverant
457 3106 491 3169 in
505 3127 598 3171 carne
612 3107 746 3186 mortali,
762 3116 795 3172 et
816 3116 891 3174 sunt
911 3109 1067 3175 debitores
1084 3110 1204 3190 mortis,
1222 3110 1398 3175 antidotum

245 3208 318 3273 vitae
333 3229 395 3273 non
409 3208 610 3294 accipientes.
654 3210 709 3275 Ad
724 3232 802 3297 quos
818 3211 959 3277 Verbum
978 3213 1035 3289 ait,
1055 3235 1145 3278 suum
1160 3234 1272 3277 munus
1286 3213 1398 3300 gratiae

85 3328 234 3377 minuar-
246 3331 393 3376 narrans:
417 3310 501 3398 ⁰Ego
522 3311 599 3387 diat,
615 3311 677 3380 Dii
694 3315 773 3393 ostia
795 3324 823 3379 ct
834 3314 905 3397 filii
918 3314 1072 3379 ditissimi
1093 3337 1208 3380 omae:
1231 3336 1281 3380 eoa
1297 3323 1399 3379 cutem

247 3509 329 3571 rudia,
342 3510 389 3559 but
400 3511 444 3559 the
455 3515 520 3560 term
532 3513 627 3578 applico
639 3519 722 3564 netto
737 3530 795 3564 man
846 3514 922 3562 harsh
933 3512 983 3562 and
994 3513 1103 3562 strained
1113 3514 1139 3562 in
1151 3515 1193 3563 the
1204 3514 1331 3574 assertion,
1342 3514 1399 3562 that

245 3590 293 3639 but
316 3596 343 3640 to
364 3592 408 3640 ths
429 3593 500 3642 earth
522 3594 551 3642 οι·
568 3595 649 3644 which
671 3612 728 3644 man
746 3613 798 3645 was
847 3593 923 3644 siniul
939 3609 997 3642 man
1014 3593 1104 3642 should
1117 3595 1155 3654 bs,
1170 3593 1309 3642 somoriam
1325 3593 1398 3643 Verbo

245 3671 545 3733 formed3andtheword
557 3678 798 3739 dvepydorovinthis
847 3675 914 3732 Dci,·
938 3692 1001 3724 sven
1024 3676 1053 3724 oi
1074 3676 1116 3724 the
1142 3676 1236 3724 human
1260 3680 1348 3724 nature
1373 3676 1402 3724 ei

246 3771 316 3804 sense
327 3756 348 3803 ia
359 3757 401 3804 the
413 3756 557 3806 correlative
572 3759 600 3806 of
614 3761 732 3822 παρθένου
741 3761 798 3808 that
848 3757 933 3806 Christ
944 3758 988 3805 the
998 3762 1063 3806 term
1074 3757 1147 3806 could
1162 3762 1206 3805 not
1221 3758 1251 3806 bc
1267 3757 1327 3806 used
1337 3759 1398 3807 with

246 3838 349 3886 follows.
378 3838 458 3887 'lbere
479 3838 501 3886 ia
518 3854 551 3886 an
568 3840 673 3889 allusion
691 3841 798 3905 perhaps
847 3839 981 3902 propriety.
1007 3837 1125 3888 Seenert
1135 3855 1207 3902 page,
1222 3855 1246 3888 n.
1260 3856 1284 3899 4.
1319 3838 1398 3903 Irug-

247 3924 274 3967 to
293 3919 335 3968 the
354 3919 502 3969 Rabbinical
519 3921 615 3970 oonoeit
632 3921 756 3970 indicated
772 3923 798 3970 in
847 3925 911 3984 gest,
931 3920 1061 3981 therefore,
1077 3921 1204 3984 conjuncti,
1227 3921 1278 3969 and
1300 3921 1332 3970 ci.
1356 3922 1399 3970 tbs

247 4000 304 4049 Vol.
318 4014 335 4050 1.
348 4018 373 4065 p.
387 4016 442 4064 235,
456 4018 482 4052 n.
496 4016 518 4065 3.
549 4002 731 4065 cf.120,n.1.
847 4002 997 4050 translation
1012 4004 1041 4052 oi
1054 4005 1177 4063 συνηνώθη
1191 4009 1218 4051 at
1229 4020 1253 4067 p.
1270 4017 1323 4063 roo,
1335 4019 1360 4052 u.
1374 3999 1397 4051 6.

296 4082 357 4131 ¹eae.
383 4084 437 4144 Gn,
452 4085 704 4146 Aa.,Mruu.1.‚al
718 4085 755 4135 dc.
847 4083 901 4132 The
917 4086 1060 4148 corruption
1076 4100 1128 4132 was
1144 4083 1258 4132 followed
1271 4083 1399 4131 almostas

296 4161 307 4192 ²
323 4163 339 4211 i.
350 4180 371 4212 e.
385 4166 527 4228 apparebat.
848 4167 971 4215 anstural
977 4182 1145 4231 consequence
1151 4165 1334 4231 bycommioetua,
1344 4177 1397 4224 103,

296 4241 307 4274 ³
326 4246 401 4305 ψιλῶς
411 4247 488 4308 μόνον,
503 4264 531 4295 as
542 4252 569 4296 at
580 4264 604 4311 p.
618 4245 671 4309 116,
683 4247 707 4297 8.
849 4265 873 4308 4,
881 4248 962 4297 which
969 4246 1398 4298 welrnowtobeaialsetranslation.

297 4323 308 4354 ⁴
325 4324 371 4374 See
382 4339 400 4377 1.
416 4342 553 4389 204·²¹2·
897 4329 908 4362 ⁶
925 4329 1059 4390 Iamne,
1076 4331 1183 4395 quoting
1199 4331 1249 4380 this
1265 4319 1319 4378 teat
1335 4327 1399 4375 irem

296 4405 451 4460 ⁵commisti.
490 4412 551 4462 This
578 4413 645 4462 word
668 4413 694 4461 in
716 4413 799 4462 uncial
848 4427 966 4474 memory,
986 4412 1031 4460 bas
1048 4411 1194 4476 uansposed
1216 4412 1248 4458 its
1269 4409 1399 4467 members,

247 4486 386 4536 characters
408 4492 490 4540 would
511 4500 556 4543 not
578 4495 609 4543 be
631 4511 690 4558 very
714 4494 799 4543 unlilre
849 4495 929 4543 which
942 4494 985 4544 the
998 4495 1132 4544 translator
1146 4495 1191 4543 has
1204 4493 1314 4543 restored
1326 4498 1353 4540 to
1368 4492 1401 4541 ita

250 4566 336 4617 OONI
341 4567 387 4616 VN
387 4568 452 4630 ΟΤΙ,
468 4572 518 4620 and
535 4574 604 4622 there
620 4575 641 4622 is
658 4575 799 4639 something
848 4591 939 4640 proper
950 4576 1028 4638 order,
1041 4576 1107 4625 irum
1119 4577 1162 4626 the
1173 4576 1248 4626 Italic
1260 4575 1366 4626 version.
