3000 4994
436 353 550 406 sucus
578 354 705 405 summ
729 354 777 406 ur
803 355 983 410 seramus.
1223 340 1289 410 337

134 508 398 596 comparationem
417 508 594 573 mortalium
613 531 791 596 corporum
818 510 995 594 Iasofflooit
1016 511 1099 576 euim
1116 511 1152 576 io
1166 509 1287 596 faeiem
1305 531 1397 617 may.
1409 532 1444 572 er.

134 614 264 679 totietate
279 612 366 677 Deus
371 615 485 696 statam
500 613 583 691 oiim,
600 623 627 678 et
633 615 743 700 foetas
762 624 803 680 est
816 615 900 680 tomo
913 616 949 679 in
969 615 1107 680 utineam
1121 615 1285 680 cicentem:
1306 605 1393 710 effi
1402 625 1437 711 pl.

134 719 228 782 flatus
249 725 355 781 autem
382 716 455 780 vitae
481 716 692 801 incorporalis.
738 716 801 783 Sed
823 739 862 782 ne
888 718 1052 784 mortalem
1074 718 1200 805 quidem
1214 737 1285 803 pos·
1298 717 1451 796 ‚ffl-

133 828 208 886 sunt
231 819 334 885 dicere
362 819 463 904 ipsum
485 818 596 882 flatum
621 818 716 884 1vitae
742 820 956 887 exsistentem.
1002 821 1047 886 Et
1073 829 1200 907 propter
1220 819 1283 884 hoc
1298 823 1408 869 ΜΗ·

134 922 238 987 David
251 921 315 986 ait:
333 923 376 985 Et
389 922 496 985 ocimo
514 921 644 985 mamilli
658 921 748 998 oioet,
764 929 913 1008 tanquam
927 922 1094 987 immortali
1109 920 1286 987 substantia
1301 939 1333 979 es
1342 939 1386 980 ur.
1395 942 1426 981 ar.

133 1027 202 1113 ejus
230 1026 411 1090 exsistente.
471 1023 534 1088 Sed
563 1046 663 1111 neque
689 1024 833 1110 spiritum
862 1034 993 1112 possunt
1022 1026 1125 1091 dicere
1155 1024 1286 1090 mortale

133 1151 255 1217 corpus.
300 1128 383 1210 Quid
403 1127 500 1214 igitur
517 1135 659 1213 superest
676 1128 779 1194 dicere
797 1130 927 1195 mortale
941 1151 1063 1217 corpus,
1078 1129 1139 1194 uisi
1153 1129 1284 1216 plasma,

132 1234 228 1298 idest
249 1253 332 1309 caro,
348 1231 387 1295 de
403 1253 465 1317 qua
486 1239 519 1296 et
538 1253 640 1296 sermo
655 1240 714 1312 est,
730 1233 876 1320 quoniam
898 1233 1065 1298 vivificabit
1086 1253 1156 1296 eam
1179 1231 1284 1297 Deusl

134 1337 215 1401 Heec
236 1336 318 1401 enim
340 1342 389 1400 est
408 1357 478 1420 quae
501 1334 632 1399 moritur
648 1342 681 1399 et
701 1335 843 1410 solvitur3
866 1335 1003 1401 sednon
1024 1334 1138 1414 anima,
1164 1338 1285 1419 ²neque

131 1439 268 1523 spiritus.
315 1437 399 1503 Mori
424 1437 508 1502 enim
537 1445 585 1502 est
614 1437 739 1502 vitalem
766 1437 911 1502 amittere
936 1437 1139 1516 habilitatem,
1163 1445 1196 1503 et
1217 1437 1285 1502 sine

132 1541 299 1627 spiramine
320 1541 352 1604 in
376 1547 543 1626 posterum,
570 1547 603 1604 et
629 1540 836 1618 inanimalem,
863 1548 896 1606 et
919 1540 1125 1605 ³immobilem
1148 1540 1226 1615 fieri,
1252 1548 1285 1604 et

133 1643 292 1730 ⁴deperire
310 1642 342 1706 in
368 1643 430 1720 illa,
453 1664 493 1707 ex
515 1641 627 1728 quibus
649 1650 682 1706 et
701 1642 826 1707 initium
844 1643 1029 1708 substantiae
1043 1642 1163 1708 habuit.
1210 1642 1283 1707 Hoc

31 1767 110 1806 aaa
131 1753 238 1810 autem
259 1766 361 1829 neque
381 1744 493 1808 animae
516 1742 630 1819 evenit,
653 1742 747 1808 flatus
759 1752 807 1808 est
821 1745 904 1810 enim
919 1745 1009 1810 vitae:
1034 1766 1134 1830 neque
1147 1743 1281 1831 spiritui,

131 1848 357 1933 incompositus
373 1854 423 1912 est
439 1846 523 1911 enim
543 1852 576 1909 et
596 1845 728 1931 simplex
743 1847 881 1932 spiritus,
897 1847 949 1935 qui
964 1847 1074 1913 resolvi
1090 1870 1153 1913 uon
1167 1853 1282 1934 potest,

130 1962 163 2018 et
187 1953 253 2038 ipse
272 1953 336 2017 vita
353 1959 402 2016 est
422 1972 529 2016 eorum
548 1949 601 2034 qui
621 1949 795 2035 percipiunt
817 1951 914 2017 illum.
960 1952 1109 2038 Superest
1129 1951 1225 2039 igitur
1248 1959 1285 2016 ut

130 2055 213 2122 circa
238 2077 364 2120 carnem
387 2075 471 2119 mors
497 2053 696 2118 ostendatur:
721 2075 791 2138 quae
814 2062 1017 2139 posteaquam
1038 2054 1149 2120 exierit
1168 2055 1283 2130 anima,

130 2158 198 2224 sine
215 2158 385 2244 spiratione
407 2165 440 2222 et
459 2155 653 2221 ⁶inenimalis
673 2157 815 2236 efficitur,
838 2165 871 2222 et
891 2157 1040 2244 paulatim
1063 2156 1227 2224 resolvitur
1250 2159 1283 2224 in

130 2270 256 2341 terram,
272 2283 388 2348 exque
403 2268 508 2326 sumta
523 2267 583 2324 est.

197 2369 227 2429 2.
272 2364 355 2428 Haec
374 2363 470 2450 igitur
490 2361 640 2427 mortalis.
686 2361 768 2426 Haec
782 2372 888 2429 autem
902 2367 969 2430 ⁶est
990 2365 1030 2430 de
1052 2386 1114 2451 qua
1135 2372 1168 2430 et
1185 2365 1280 2431 dicit:

138 2467 312 2552 Vioifioatit
332 2477 360 2532 et
373 2467 519 2532 mortalia
538 2487 665 2552 corporo
679 2466 807 2530 loeetro.
852 2467 897 2532 Et
911 2473 1038 2554 pmpter
1056 2468 1117 2532 hoc
1130 2467 1176 2532 ait
1191 2467 1230 2532 de
1244 2488 1282 2533 ea

132 2653 243 2715 l'imoeue,
253 2655 321 2719 p.78,
330 2655 380 2703 aud
391 2655 563 2715 Censuimus,
577 2664 677 2719 ppres,
731 2655 774 2704 tlre
787 2657 866 2705 entire
882 2658 1040 2722 interveuing
1056 2663 1173 2707 sentence
1188 2659 1284 2725 having

135 2734 187 2797 106,
201 2737 293 2785 Metro.
307 2737 456 2801 interpreted
473 2736 516 2785 the
532 2742 604 2800 great
617 2751 681 2784 mas·
732 2737 862 2788 beenlost.

131 2819 187 2867 ter's
203 2818 326 2883 language
347 2835 416 2868 more
432 2818 603 2882 consisteutly.
648 2817 680 2866 So
781 2817 882 2884 ’neque
903 2820 1011 2884 spiritus.
1058 2822 1169 2872 Omitted
1191 2824 1217 2871 in
1241 2823 1284 2872 the

131 2902 306 2950 farasPusuo
316 2901 604 2966 basedhispsychology
614 2917 680 2965 upon
733 2896 833 2947 Cultus.
847 2898 905 2948 MS.
929 2900 1185 2964 antuerpiam.

131 2986 315 3035 mathematical
323 3001 351 3033 or
360 2984 679 3043 arithmeticalharmonies,
781 2979 792 3011 ³
809 2981 948 3041 CI..,Voss.
958 2983 1174 3043 immemomhdem,
1183 2983 1230 3032 but
1240 2982 1284 3031 the

129 3067 173 3115 tho
184 3067 257 3114 soul's
265 3082 362 3115 essenoe
370 3083 429 3130 may
438 3068 501 3115 have
512 3065 627 3114 involved
639 3066 681 3114 the
732 3064 783 3112 AB.
797 3063 818 3111 is
832 3063 963 3127 preferred,
981 3081 1009 3113 as
1022 3065 1139 3129 agreeiug
1152 3066 1213 3114 with
1227 3065 1284 3114 that

131 3148 257 3196 notiones
268 3148 420 3211 divisibility,
435 3149 482 3196 but
494 3149 516 3197 it
527 3165 577 3197 was
591 3165 607 3196 a
620 3147 681 3196 divi·
733 3144 814 3193 which
835 3144 1007 3195 lerouruus
1024 3163 1081 3211 says
1100 3147 1127 3194 in
1144 3147 1284 3211 describing

131 3229 225 3292 sibility
241 3229 270 3276 ol'
282 3246 298 3277 a
313 3229 401 3293 purely
417 3230 527 3278 abstract
546 3230 680 3278 character.
732 3226 776 3274 the
784 3226 968 3289 Ophiteuotiou
976 3227 1036 3275 with
1045 3226 1284 3291 respecttoAdam's

133 3310 171 3359 Os.
190 3310 242 3358 also
258 3311 301 3359 the
318 3310 415 3371 Plaude,
439 3327 482 3374 pp.
504 3312 608 3374 80-83,
632 3310 681 3359 and
732 3306 799 3370 body
810 3306 893 3355 before
904 3307 924 3355 it
941 3322 992 3354 was
1008 3307 1105 3356 endued
1117 3307 1280 3367 withasoul,

133 3391 192 3454 Rep.
212 3389 258 3440 611
278 3404 302 3441 B.
336 3392 390 3440 The
406 3393 493 3456 simple
508 3393 581 3456 unity
596 3392 626 3440 ol
639 3393 682 3441 tho
733 3390 826 3438 κεῖσθαι
843 3388 956 3439 Steiris
972 3390 1068 3449 dvctv,
1089 3391 1207 3450 ἀκίνητον,
1224 3391 1283 3439 dod

132 3473 250 3537 thinking
256 3474 376 3538 principle
383 3491 433 3523 was
440 3474 585 3523 overlooked
594 3475 619 3522 in
628 3475 682 3523 sace
733 3474 824 3532 λευτον,
839 3473 869 3522 ὡς
881 3473 1008 3534 ἀνδριάντα
1019 3476 1092 3521 mah.
1116 3471 1208 3521 Philas.
1220 3484 1245 3520 v.
1260 3483 1281 3533 7.

133 3555 161 3602 os
174 3555 217 3603 the
233 3555 349 3604 manifest
362 3556 512 3620 complexity
522 3555 550 3604 of
564 3556 596 3604 its
611 3556 681 3603 attri·
781 3553 793 3585 ⁴
810 3556 849 3602 sal
862 3556 893 3604 εἰς
906 3556 965 3603 τάδε
980 3557 1153 3614 καταλύεσθαι,
1166 3555 1192 3614 ἐξ
1200 3552 1233 3602 ὧν
1244 3554 1284 3602 nal

132 3636 221 3697 butes;
242 3637 292 3685 and
309 3636 458 3701 complexity
479 3637 500 3684 is
522 3637 551 3686 of
563 3638 606 3685 the
623 3653 682 3701 very
733 3636 777 3695 τὴν
789 3635 866 3697 ἀρχὴν
878 3636 1032 3685 ὑποστάσεως
1044 3638 1154 3696 ἔσχηκενι

132 3734 231 3766 essence
242 3719 270 3767 of
277 3718 469 3778 matter;heuce
479 3719 523 3767 the
533 3718 682 3767 doubtwhe-
782 3715 860 3764 “Ala
884 3716 1026 3764 inanimale.
1067 3716 1122 3774 Cu„
1142 3714 1224 3762 Voss.
1245 3712 1282 3762 ire·

133 3801 189 3849 ther
201 3801 288 3850 Pusuo
303 3802 346 3850 did
361 3807 407 3850 not
423 3802 508 3851 attach
525 3802 568 3851 the
584 3801 640 3850 idea
656 3802 685 3851 ol
733 3797 833 3846 animi·

133 3884 271 3946 corporeity
287 3889 315 3931 to
331 3884 374 3931 the
391 3883 461 3942 soul;
478 3884 555 3932 hence
571 3883 624 3932 also
640 3883 683 3932 the
783 3879 793 3912 ⁶
809 3888 848 3941 est,
861 3880 968 3929 inserted
979 3880 1043 3928 from
1051 3877 1202 3928 thecum.
1210 3892 1281 3941 oopy,

133 3963 257 4012 readiness
274 3965 336 4012 with
346 3964 427 4014 which
444 3965 486 4013 the
501 3964 606 4013 Fsthers
619 3964 683 4013 have
734 3961 815 4010 which
826 3961 878 4009 also
889 3961 934 4008 has
945 3967 973 4009 et.

134 4045 680 4110 acquiescedinsounphilosophicalanidea.
783 4041 893 4090 ⁷vsattu.
934 4040 987 4088 The
1008 4038 1137 4102 authority
1158 4038 1187 4086 of
1205 4035 1283 4086 MSS.

135 4125 180 4174 See
191 4139 209 4175 1.
224 4141 262 4188 31,
276 4142 299 4191 9,
315 4146 337 4188 4,
351 4128 401 4176 and
414 4130 468 4190 381,
482 4128 567 4177 tatere
579 4127 684 4177 hominis
734 4125 797 4189 fully
807 4123 951 4173 establishes
967 4123 1017 4172 this
1034 4121 1143 4185 reading,
1163 4121 1221 4169 hore
1235 4119 1285 4169 aad

128 4206 246 4268 fipurom.
282 4208 315 4257 In
327 4210 369 4257 the
382 4209 466 4273 sequel
481 4210 501 4257 it
513 4210 534 4256 is
546 4211 590 4258 the
601 4209 680 4273 spirit,
734 4207 830 4269 hortly
840 4207 926 4255 above.
961 4203 1245 4263 GuneucitestheAs„
1258 4217 1286 4250 ιι

134 4292 179 4336 not
190 4289 232 4336 the
244 4289 305 4350 soul,
319 4290 402 4340 thetis
410 4290 503 4339 mnned
513 4290 685 4353 incompositas
735 4289 822 4337 Mass.
837 4288 880 4336 the
892 4288 992 4337 ceusu.
1005 4285 1055 4334 and
1067 4285 1147 4334 Voss.
1160 4285 1242 4348 copies
1259 4284 1285 4333 in

132 4368 271 4432 etaimpla.
735 4369 768 4418 ita
789 4368 887 4417 favour.
921 4366 1003 4417 Iadd
1023 4371 1049 4415 to
1068 4366 1138 4415 these
1155 4365 1198 4415 the
1217 4364 1286 4413 testi·

183 4463 193 4495 ¹
209 4467 262 4514 Au.
281 4467 329 4514 vita
346 4467 395 4530 eju,
413 4468 560 4524 mmm'·
577 4469 625 4517 but
641 4468 685 4517 the
735 4467 811 4516 mony
822 4452 851 4500 of
864 4452 907 4500 the
924 4449 1010 4515 Syriae
1028 4448 1131 4508 version,
1146 4448 1226 4497 which
1243 4449 1288 4498 has

136 4546 185 4594 last
200 4547 274 4598 letter
289 4557 426 4612 represents
442 4551 485 4599 the
500 4551 621 4600 initiales
634 4549 683 4611 sed,
738 4515 955 4654 καθ-ιφ
981 4514 1037 4606 &Di
1057 4564 1085 4596 aa
1096 4548 1122 4597 in
1134 4549 1176 4598 the
1187 4553 1248 4598 text,
