3000 4994
511 369 718 423 raucarum
744 369 820 422 nar.
1177 353 1242 424 217

90 535 148 611 τῆς
175 530 418 628 λαμπρότητος
432 581 526 599 ·····
541 527 620 630 ζωῆς
642 527 696 600 οὖν
718 527 912 624 μεθέξουσιν
934 533 967 600 οἱ
988 533 1126 629 ὁρῶντες
1148 531 1243 601 θεόν.
1279 545 1379 631 ξξξχῑζ

92 640 162 711 Καὶ
196 639 249 711 διὰ
277 647 383 713 τοῦτο
408 644 427 712 ὁ
457 641 631 741 ἆχιόρητος
661 641 715 712 καὶ
744 639 984 725 ἇκατόληπτος
1010 644 1065 714 καὶ
1090 644 1244 743 ἆόρατος,
1285 637 1383 722 ‘iffi

92 756 254 853 ὁρώμενον
290 753 414 839 ἑαυτὸν,
453 754 506 825 καὶ
548 756 902 842 καταλαμβανόμενον,
944 755 998 826 καὶ
1039 758 1244 856 χωρούμενον
1268 728 1395 815 ”iiidv‘

91 878 163 944 τοῖς
189 872 344 944 Ιπιστοῖς
368 868 547 966 παρέσχεν·
575 868 627 938 ἰ’να
655 865 843 968 ζωοποιῆση
872 867 947 945 τοὺς
976 875 1165 968 χωροῦντας
1190 869 1243 939 καὶ

91 980 285 1067 βλέποντας
311 978 411 1052 αὐτὸν
435 979 507 1050 Ιδιὰ
531 981 683 1056 πίστεως.
727 980 782 1057 Ὡς
811 978 880 1079 γὰρ
905 979 949 1053 τό
973 983 1114 1074 μέγεθος
1143 983 1246 1054 αὐτοῦ

92 1092 355 1189 ἆνεξιχνῖαστον,
383 1089 485 1170 οὕτως
510 1093 564 1164 καὶ
593 1096 611 1175 ῆ
642 1092 813 1184 ἇγαθότης
841 1093 942 1164 adrat
967 1091 1176 1186 ιἰνεξῆγητος,
1205 1092 1243 1164 δι’

92 1207 126 1288 ῆς
144 1207 354 1293 βλεπόμενος
382 1204 525 1276 ἐνδίδωσι
540 1258 548 1274 .
561 1258 570 1274 .
583 1257 591 1274 .
604 1211 695 1281 ’τοῖς
721 1207 842 1304 ὁρῶσιν
864 1206 974 1281 αότόν.
1020 1205 1118 1277 Ἐπεὶ
1147 1205 1243 1308 ζῆσαι

92 1316 165 1388 ἄνευ
197 1316 277 1419 ζωῆς
305 1319 368 1415 οὐχ
397 1316 469 1389 οἶόν
499 1350 540 1390 τε
569 1315 615 1401 ῆν·
645 1321 663 1400 ἦ
696 1314 731 1387 di
761 1313 900 1416 ὕπαρξις
928 1326 987 1401 τῆς
1018 1316 1098 1419 ζωῆς
1127 1319 1161 1390 ἐκ
1187 1328 1246 1401 τῆς

91 1437 155 1502 τοῦ
189 1430 277 1500 θεοῦ
313 1432 516 1530 περιγίνεται
553 1437 709 1526 μετοχῆς·
745 1430 876 1526 μετοχὴ
907 1428 941 1504 δὲ
977 1431 1065 1502 θεοῦ
1096 1433 1170 1503 ἐστι
1203 1428 1246 1504 τό

92 1545 261 1634 γινώσκειν
286 1542 380 1628 θεὸν,
407 1543 461 1614 καὶ
488 1543 667 1615 ἆπολαόειν
694 1544 753 1626 τῆς
780 1544 1017 1641 χρηστότητος
1040 1545 1150 1616 αὐτοῦ.

91 1725 267 1811 percipiunt
280 1746 355 1813 ergo
369 1725 475 1802 vitam,
496 1724 671 1811 quivident
688 1726 802 1792 Deum.
842 1726 887 1792 Et
906 1735 1033 1813 propter
1046 1726 1106 1792 hoo
1122 1727 1248 1811 incapa-

91 1827 172 1904 bilis,
196 1835 228 1892 et
250 1827 577 1914 incomprehensibilis,
599 1829 666 1917 ³[et
688 1827 866 1914 invisibilis]
886 1828 1038 1895 visibilem
1059 1850 1094 1894 se
1113 1837 1146 1894 et
1163 1850 1248 1894 eom-

93 1931 340 2015 prehensibilem,
363 1939 396 1995 et
417 1919 564 2017 capacem
585 1930 763 1997 hominibus
784 1940 923 2018 praestat,
943 1940 980 1997 ut
996 1931 1130 1997 vivificet
1151 1931 1248 2018 perui·

93 2032 216 2117 pientes
243 2040 276 2098 et
302 2033 443 2097 ridentes
470 2054 516 2099 ee.
562 2034 831 2115 Quemadmodum
858 2035 942 2100 enim
968 2034 1152 2122 magnitudo
1180 2035 1249 2121 ejus

93 2135 317 2222 investigabilis
334 2141 414 2215 ⁴est‚
434 2136 480 2202 sie
500 2145 534 2202 et
551 2136 729 2224 benignitas
742 2138 811 2224 ejus
825 2138 1053 2204 imnarrabilis:
1078 2161 1134 2225 per
1155 2161 1248 2226 quem

94 2238 179 2303 visus
192 2239 289 2303 vitam
303 2249 433 2326 praestat
453 2240 491 2305 iis
506 2240 680 2325 quivident
697 2263 779 2307 eum.
817 2241 972 2322 Quoniam
986 2241 1089 2307 vivere
1101 2241 1169 2307 sine
1184 2242 1249 2308 vita

94 2341 284 2425 impossibile
307 2351 374 2408 est:
405 2342 608 2408 subsistentia
628 2343 699 2408 vitae
726 2353 831 2409 autem
855 2344 894 2409 de
921 2343 983 2409 Dei
1009 2345 1248 2430 participatione

95 2444 211 2508 evenit:
236 2445 433 2531 participatio
450 2451 556 2509 autem
573 2444 652 2509 ⁶Dei
672 2453 722 2510 est
742 2445 846 2510 videre
868 2446 983 2523 Deum,
1006 2452 1039 2511 et
1059 2446 1119 2510 frui
1141 2446 1249 2532 benig·

95 2547 195 2612 nitate
209 2551 291 2636 ejus;
312 2555 363 2614 ⁶et
370 2549 511 2614 homines
522 2549 617 2635 igitur
626 2549 775 2614 videbunt
786 2548 901 2626 Deum,
913 2556 950 2613 ut
960 2548 1073 2628 vivant,
1087 2570 1143 2634 per
1156 2548 1248 2613 visio-

95 2671 168 2714 nem
179 2651 369 2717 immortales
379 2652 454 2717 faeti
469 2660 502 2716 et
514 2651 725 2738 pertingentes
739 2673 836 2738 usque
851 2650 901 2714 ⁶iu
913 2651 1028 2718 Deum.
1055 2651 1157 2733 Quod,
1166 2650 1249 2716 sieut

94 2752 235 2839 praedixi,
259 2776 314 2838 per
334 2755 503 2841 prophetas
523 2754 694 2842 figuraliter
714 2753 980 2831 manifestabatur,
1002 2753 1149 2839 quoniam
1166 2751 1249 2818 vide·

95 2855 181 2919 bitur
203 2855 291 2921 Deus
312 2858 352 2921 ab
373 2857 550 2922 hominibus
570 2857 622 2942 qui
644 2864 770 2944 portant
796 2856 948 2943 Spiritum
973 2855 1051 2941 ejus,
1074 2863 1107 2920 et
1127 2875 1250 2941 semper

95 2959 264 3024 adventum
285 2960 371 3046 ⁷ejus
392 2961 557 3026 sustinent.
612 2960 880 3043 Quemadmodum
894 2968 928 3024 et
951 2959 984 3023 in
1005 2958 1250 3025 Deuteronomio

98 3063 208 3129 Moses
216 3065 276 3129 ait:
300 3065 344 3129 Ια
358 3065 408 3130 die
423 3066 482 3130 istu
497 3065 674 3146 videbimus,
690 3065 834 3152 quonium
845 3065 995 3152 8ῐοηιιινιιν
1004 3065 1091 3129 Deus
1104 3065 1149 3129 ad
1156 3063 1249 3129 homi·
1262 3090 1324 3131 raus
1333 3090 1391 3130 eae

96 3189 173 3246 uero,
190 3178 218 3233 et
231 3169 320 3232 eioet.
356 3167 490 3249 Quidam
501 3168 584 3232 enim
593 3190 699 3233 eorum
710 3168 855 3234 videbant
871 3168 1023 3254 Spiritum
1034 3168 1250 3255 propheticum

12 3298 71 3338 ,οςι
97 3277 130 3335 et
138 3270 333 3354 operationes
347 3269 567 3355 ejusinomnia
580 3293 696 3358 genera
704 3271 927 3336 charismatum
936 3272 1087 3336 ⁹effusas:
1111 3271 1164 3336 alii
1177 3293 1250 3337 vero

96 3373 264 3438 adventum
279 3373 419 3453 Domini,
435 3382 468 3438 et
489 3396 559 3439 eam
577 3397 647 3460 quae
667 3383 716 3440 est
733 3375 774 3440 ab
796 3374 887 3440 initio
909 3375 1248 3456 ¹⁰administrationem,

99 3545 185 3605 MSS,
198 3545 245 3594 but
261 3546 305 3594 the
321 3545 404 3594 Greek
420 3552 483 3607 text,
496 3547 593 3610 though
610 3548 650 3595 de·
749 3546 760 3578 ⁶
777 3548 877 3597 Casan.
890 3548 932 3596 ud.

97 3627 195 3686 festive,
209 3628 235 3674 in
252 3644 268 3675 a
283 3629 376 3676 certain
392 3644 504 3677 measure
515 3633 603 3677 attests
616 3629 650 3677 its
748 3626 759 3660 ⁷
777 3628 791 3677 1
805 3635 905 3689 restore,
919 3629 980 3677 with
998 3629 1135 3688 Massuar,
1153 3628 1208 3689 η’-ιις,
1223 3643 1251 3674 as

97 3708 269 3770 genuineness.
696 3707 722 3754 in
738 3707 780 3754 the
800 3707 901 3756 Canale
914 3706 964 3755 and
976 3705 1055 3754 Voss.
1069 3704 1155 3763 Mss,
1169 3704 1194 3752 in
1208 3705 1251 3751 the

148 3788 156 3819 ¹
176 3791 277 3838 πιστοῖς.
312 3788 365 3837 The
382 3790 517 3839 translator
535 3789 593 3838 read
612 3791 649 3837 dr·
697 3787 766 3851 place
785 3789 814 3837 of
831 3787 928 3847 Christi,
950 3789 1002 3837 Aa.
1044 3787 1072 3835 It
1091 3788 1111 3834 is
1134 3785 1251 3849 probabis

98 3871 209 3932 θρώποις,
223 3870 272 3917 and
287 3871 362 3919 omits
373 3872 412 3919 διὰ
426 3872 536 3930 πίστεως,
552 3872 598 3920 but
608 3872 651 3920 the
697 3873 754 3920 that
771 3872 814 3919 the
826 3885 941 3934 pronoen
953 3885 1004 3917 was
1014 3867 1073 3916 read
1085 3883 1113 3915 aa
1123 3867 1200 3925 Iesus,
1213 3865 1252 3913 sor

99 3952 183 4000 Greek
204 3957 259 4000 text
281 3953 366 4001 makes
389 3953 422 4016 by
445 3954 484 4001 far
505 3953 549 4001 the
570 3953 652 4001 better
698 3954 779 4003 which
788 3951 934 4002 Ohnhte'was
946 3947 1178 3998 thensubstituted.
1200 3947 1252 3996 But

98 4049 177 4081 sense.
699 4035 741 4084 the
752 4032 938 4083 manifestation
954 4032 983 4080 oi
994 4029 1051 4079 God
1066 4031 1087 4078 is
1099 4029 1142 4078 the
1155 4028 1252 4088 subject

148 4111 263 4176 ’Suppd
277 4115 321 4172 τὴν
333 4114 400 4173 ζωήν,
699 4132 756 4165 now
767 4115 846 4164 under
856 4112 1044 4163 consideration.

149 4192 160 4225 ³
176 4193 342 4255 αἰοοιῖςίοὶῑίι,
354 4195 461 4243 haerted
472 4194 650 4259 byMassurrn
749 4195 760 4228 ⁸
775 4198 838 4255 Aa,
851 4195 932 4243 Voss.
944 4191 1060 4255 ωηαίιιιν.

99 4276 166 4324 from
177 4275 220 4324 the
232 4276 322 4326 Greek.
749 4277 760 4309 ⁹
778 4277 907 4325 Massurr
924 4275 986 4334 first,
1006 4273 1099 4335 ηνιιιαο,
1124 4272 1188 4321 from
1210 4274 1254 4322 the

149 4356 210 4416 ⁴est‚
228 4357 360 4420 expunged
375 4358 408 4420 by
424 4357 527 4416 Garun,
547 4357 598 4405 and
616 4373 653 4406 re·
701 4358 781 4407 Voss.
794 4356 851 4405 MS.
881 4356 932 4405 me
948 4354 1054 4404 concord
1066 4354 1118 4403 also
1129 4354 1254 4404 wouldbe

99 4438 184 4487 stored
207 4439 241 4502 by
264 4438 350 4487 Mass.
371 4440 392 4486 is
415 4438 533 4498 retained,
552 4438 591 4486 for
612 4439 656 4487 the
701 4439 763 4487 with
775 4438 950 4501 πραγματείας.
984 4437 1036 4485 Aa.
1049 4436 1132 4499 effusa.

101 4520 204 4568 Cannu.
217 4519 265 4567 and
279 4521 328 4569 Aa
344 4520 421 4569 MSS.
434 4521 496 4568 both
508 4521 570 4568 have
581 4520 609 4567 it.
760 4519 781 4551 ¹⁰
809 4518 1052 4580 adruinistrutiorrem,
1112 4519 1251 4579 οἰκονομίαν,

151 4602 162 4632 ⁶
178 4603 231 4652 An.
242 4602 317 4650 omits
328 4602 384 4651 Dei.
419 4602 456 4662 lu,
471 4602 524 4663 Cn,
540 4602 619 4650 Voss.
702 4601 799 4665 though
810 4601 905 4650 Gaas!
916 4600 1009 4666 prefers
1021 4600 1145 4650 διακονίαν.

203 4710 276 4753 von.
296 4710 330 4754 rr.
1114 4687 1157 4750 14
