3000 4994
231 322 274 386 80
629 330 796 386 vualnas
822 330 990 384 SIMPLEX

89 509 144 551 nm.
152 509 193 548 ur.
229 508 308 574 quos
329 485 457 573 capiunt
481 483 694 571 simpliciores,
717 491 751 549 et
770 483 902 548 illiciunt
924 502 988 560 eos,
1013 480 1213 546 ¹simulantes
1238 488 1382 546 nostrum

72 557 210 690 ‘14th}
228 596 408 666 tractatum,
420 587 736 674 utsaepiusaudiant3
728 586 805 673 ·qui
816 586 887 650 ’'et
874 584 1383 673 Jamquaemnturdenobis,quod

112 705 149 735 ¹*
156 696 173 734 2
230 714 300 757 cunr
315 692 429 756 similia
443 692 605 757 nobiscum
619 690 766 766 sentiant,
779 689 846 753 sine
862 709 956 754 causa
968 686 1180 752 abstineamus
1193 708 1250 750 uns
1264 708 1284 750 a
1299 709 1382 751 com-

229 796 438 861 municatione
449 816 566 871 eorum,
579 802 612 859 et
627 817 698 859 cum
712 794 822 859 eadem
836 792 952 869 dicant,
967 800 999 857 et
1014 792 1143 856 eandem
1160 792 1294 856 habeant
1310 791 1381 857 doc·

229 899 355 975 trinam,
371 919 515 963 vocemus
530 896 599 961 illos
613 896 795 961 haereticos:
820 903 853 960 et
875 917 946 960 cunr
965 896 1132 982 dejecerint
1152 896 1271 981 aliquos
1286 918 1306 958 a
1321 895 1382 960 fide

230 1022 287 1087 per
301 1000 499 1087 questiones,
516 1022 584 1086 quae
599 999 679 1063 fiunt
693 1000 734 1063 ab
751 998 807 1075 eis,
828 1007 861 1063 et
880 1021 942 1063 non
961 999 1209 1063 contradicentes
1224 1000 1381 1063 auditores

230 1125 303 1168 suos
318 1104 457 1182 fecerint,
474 1103 524 1168 his
539 1102 707 1189 separatim
721 1101 925 1166 inenarrabile
940 1101 1139 1186 plenitudinis
1156 1123 1222 1165 sure
1237 1111 1382 1165 enarrant

230 1206 420 1293 mysterium.
467 1206 675 1293 Decipiuntur
697 1213 802 1270 autern
823 1227 942 1283 omnes,
966 1206 1019 1292 qui
1048 1205 1130 1294 quod
1154 1215 1202 1270 est
1229 1206 1261 1270 in
1281 1205 1382 1271 verbis

230 1308 404 1386 verisimile,
419 1330 454 1374 se
469 1318 581 1396 putant
595 1329 687 1395 posse
702 1307 838 1372 ³discere
852 1330 872 1371 a
887 1308 1026 1373 veritate.
1073 1307 1238 1373 Suasorius
1252 1308 1334 1372 enim
1351 1318 1383 1374 et

230 1411 404 1477 verisimilis
415 1421 473 1491 est,
490 1420 521 1476 ct
542 1411 708 1499 exquirens
722 1411 809 1474 fucos
824 1432 927 1477 error:
951 1411 1019 1475 sine
1038 1411 1108 1476 fuco
1123 1420 1227 1476 autem
1242 1419 1291 1476 est
1305 1414 1383 1478 veri·

230 1523 290 1593 tas,
310 1522 342 1579 et
360 1523 486 1601 propter
505 1515 565 1579 hoc
584 1513 688 1600 pueris
709 1512 827 1578 credita
850 1522 909 1578 eat.
955 1513 1000 1578 Et
1021 1513 1049 1577 si
1067 1513 1177 1600 aliquis
1196 1514 1319 1600 quidem
1342 1537 1381 1579 ex

230 1617 279 1682 his
303 1618 354 1705 qui
379 1617 509 1683 audiunt
531 1639 595 1696 eos,
618 1626 738 1703 quaerat
752 1615 932 1692 solutiones,
947 1615 996 1681 vel
1011 1617 1205 1683 contradicat
1219 1618 1274 1695 eis,
1298 1619 1381 1684 hunc

230 1721 318 1808 quasi
334 1743 396 1786 non
411 1720 585 1807 capientem
599 1719 771 1797 veritatem,
794 1727 826 1783 et
848 1740 910 1782 non
935 1719 1101 1784 habentem
1116 1720 1156 1785 de
1174 1721 1383 1807 superioribus

230 1846 251 1889 a
264 1832 433 1888 matresua
446 1844 552 1889 semen
567 1823 767 1900 affirmantes,
783 1824 815 1886 in
831 1830 931 1887 totum
947 1823 1024 1887 nihil
1036 1824 1143 1890 dieunt
1157 1825 1197 1903 ei,
1212 1825 1383 1891 mediarum

230 1927 366 2015 partium
392 1926 530 1992 dicentes
552 1948 621 1991 esse
650 1925 746 2004 illum,
773 1925 834 1992 hoc
859 1936 908 1991 est
933 1928 1160 2014 psychicorum.
1219 1930 1253 1994 Si
1277 1938 1383 1995 autem

226 2031 345 2118 aliquis·
360 2030 449 2117 quasi
469 2034 614 2115 ⁴parvam
632 2051 731 2107 ovem,
755 2029 895 2094 deditum
917 2031 1119 2118 semetipsum
1137 2032 1213 2118 ipsis
1235 2035 1382 2118 praebeat,

230 2133 452 2199 ⁶imitationem
467 2131 598 2210 illorum,
620 2140 653 2198 et
667 2132 889 2199 redemtionem
905 2134 1026 2200 illorum
1046 2143 1241 2213 consecutae,
1264 2145 1313 2201 est
1337 2136 1382 2199 in-

230 2331 314 2379 sheuu
325 2333 353 2378 to
364 2329 394 2378 be
404 2329 448 2378 the
464 2329 652 2392 interpretation
669 2329 698 2378 ol
712 2331 781 2378 rade
882 2331 894 2364 ¹
908 2333 997 2395 etjam,
1005 2334 1069 2382 from
1077 2334 1178 2383 theAa.
1187 2334 1244 2384 MS.
1259 2336 1281 2383 ei
1293 2336 1333 2383 rat
1344 2335 1380 2394 δή.

230 2415 310 2463 herode
325 2412 465 2477 preceding.
499 2412 560 2460 And
577 2413 634 2461 that
653 2413 714 2461 such
730 2429 782 2462 was
882 2413 1006 2467 ’diesem
1052 2416 1112 2465 This
1134 2416 1203 2464 word
1225 2417 1247 2465 is
1274 2417 1385 2466 restored

229 2495 274 2544 the
291 2495 416 2559 primitive
434 2494 552 2558 meaning
569 2494 599 2542 of
616 2494 660 2543 the
678 2499 742 2543 term
761 2494 783 2542 is
833 2499 907 2562 again
917 2499 1015 2547 instead
1025 2499 1055 2548 of
1068 2499 1206 2558 diaeum,
1220 2515 1236 2548 a
1250 2516 1316 2548 mere
1329 2516 1384 2548 con·

229 2577 321 2641 clearly
332 2577 417 2625 shewu
427 2575 461 2640 by
473 2574 611 2636 Maestum,
623 2576 679 2625 who
691 2592 747 2641 says
755 2576 782 2624 in
830 2579 937 2644 jectural
947 2579 1050 2643 reading
1060 2579 1089 2627 os
1097 2579 1214 2639 Baulos,
1222 2579 1269 2628 but
1277 2579 1385 2643 adopted

231 2660 269 2709 his
286 2665 360 2710 note:
379 2659 434 2708 Nec
452 2658 635 2707 Valentinianis
653 2659 783 2722 peculiaria
834 2661 868 2724 by
892 2659 1065 2720 Frusnuuua,
1086 2659 1217 2708 Messalas
1239 2660 1288 2708 and
1311 2660 1383 2708 Surs-

230 2741 279 2792 fuit
299 2758 328 2790 ea
346 2741 454 2790 nominis
470 2740 648 2790 Ecclesiasticus
663 2741 781 2805 acceptio.
834 2754 896 2792 suu.
931 2741 985 2790 The
994 2742 1131 2806 testimony
1142 2741 1170 2789 os
1176 2741 1251 2789 MSS.
1264 2741 1385 2806 iswholly

231 2824 337 2874 Veteres
355 2840 406 2872 non
424 2840 480 2871 raro
501 2839 531 2872 eo
552 2823 652 2871 nomine
671 2823 782 2887 designa·
834 2825 859 2874 in
871 2823 998 2872 favourof
1002 2823 1098 2883 dicem,
1108 2823 1194 2871 andin
1206 2823 1257 2871 lact
1268 2825 1288 2871 it
1299 2825 1384 2872 makes

230 2905 293 2954 bant
316 2903 456 2954 Catholicae.
513 2902 555 2952 sio
579 2902 657 2952 Cenat.
677 2903 727 2965 Ap.
752 2916 782 2953 11.
834 2906 1038 2965 abettersense;
1056 2905 1189 2964 sororum,
1203 2905 1324 2964 however,
1337 2921 1384 2952 ora-

231 2988 270 3048 58.
288 2986 406 3044 Jubetur,
426 2989 462 3043 ut,
483 2983 599 3046 eifrater
616 2991 659 3032 aue
676 2999 743 3032 soror
756 2999 784 3033 a
833 2985 894 3034 aino
913 2985 993 3033 would
1012 3001 1076 3033 seem
1095 2989 1122 3034 to
1140 2985 1170 3033 be
1189 2985 1318 3048 required;
1342 2986 1384 3034 the

230 3066 283 3116 alia
296 3066 406 3129 paroecia
422 3065 553 3126 adoeroerit,
573 3064 616 3127 qai
634 3065 783 3114 commando·
834 3069 969 3118 translator
1003 3070 1097 3133 lraviug
1130 3067 1189 3118 read
1222 3071 1310 3119 πάντες
1346 3070 1385 3118 for

230 3148 419 3210 timeaffcraat,
432 3147 550 3197 diaconae
560 3147 706 3211 quaeadeos
719 3162 782 3210 apec-
835 3153 938 3200 παντῶς.
972 3151 1025 3199 The
1041 3151 1158 3215 meaning
1176 3151 1235 3199 then
1250 3151 1332 3200 would
1345 3152 1383 3211 be,

230 3238 290 3292 taut,
297 3230 519 3294 probdinqairene,
530 3232 552 3278 el
563 3232 652 3289 πιστοὶ,
667 3232 689 3279 el
700 3233 783 3291 ἐκκλη·
837 3233 887 3281 But
907 3233 960 3295 they
981 3249 1024 3282 are
1049 3232 1176 3295 altopaher
1196 3232 1310 3292 deceieed,
1335 3233 1387 3281 who

231 3314 359 3373 oraorexol,
378 3313 400 3360 el
415 3314 449 3372 ph
466 3313 515 3361 ἀπὸ
532 3313 644 3375 αἱρέσεώς
655 3313 701 3362 εἰσι
711 3330 782 3372 pepo·
834 3314 942 3377 haccine
962 3313 1014 3362 that
1032 3314 1085 3376 they
1100 3329 1158 3377 stay
1175 3314 1245 3363 horn
1260 3315 1330 3377 frma
1349 3314 1387 3363 tlte

231 3396 351 3453 λυσμένοι,
370 3391 498 3453 aufidelea
508 3391 564 3451 aiat,
579 3408 613 3440 aa
624 3391 780 3452 eeekaiastiei,
834 3393 972 3457 Scriptard
999 3400 1056 3442 teate
1082 3392 1196 3442 addaeeed
1223 3394 1254 3456 by
1281 3394 1385 3454 heretica

231 3489 265 3524 aa
276 3473 620 3523 nallahoereeieontamiaati.
656 3474 697 3523 Sic
708 3475 783 3524 etiam
834 3474 974 3524 tlatwhieh
984 3474 1268 3538 theireoordepleueibly
1278 3475 1352 3525 warh.

231 3555 376 3614 Oslnms,
392 3555 463 3605 Tom.
480 3567 536 3604 ιιι.
571 3554 785 3619 Explanationunr
883 3557 991 3606 ⁴Nullo
1009 3555 1082 3605 tersui
1099 3557 1125 3604 oi
1143 3556 1222 3617 tlara,
1243 3559 1314 3622 quasi
1330 3575 1387 3622 par·

231 3639 257 3687 in
274 3636 666 3700 Johanniauvangelimn,1›aa
678 3636 784 3699 prefecto
835 3656 893 3688 vam
902 3655 981 3698 ovem,
995 3654 1022 3686 a
1033 3645 1074 3687 eet.
1085 3637 1275 3688 CoddAEeumd.
1285 3639 1384 3690 Amne.

232 3718 785 3781 Heracleameteccumsortaeeiauntienealiue
836 3728 857 3770 et
877 3721 954 3769 Mero.
978 3732 1008 3770 11.
1032 3721 1092 3782 eligo
1114 3720 1191 3783 (adde
1210 3727 1230 3768 et
1254 3721 1385 3783 carana:

231 3801 419 3853 Ecclesiasticus.
454 3799 550 3848 Eodem
563 3816 637 3849 sensu
652 3801 784 3865 accepitet
835 3802 1014 3866 prosequentia
1024 3802 1123 3852 Araad.
1136 3802 1193 3850 duee
1203 3809 1298 3850 tarnum
1314 3803 1388 3852 litera

201 3876 205 3883 ⁴
231 3885 350 3935 Hlsaou.
363 3883 408 3932 Pr.
421 3881 450 3931 ia
461 3883 524 3933 Mat.
538 3889 558 3931 et
569 3881 598 3930 in
608 3882 648 3932 az.
660 3897 698 3944 13.
834 3885 874 3945 o'e'r,
887 3898 980 3932 anam
996 3882 1182 3932 abbreviationis
1196 3883 1265 3946 aiprw
1275 3883 1325 3932 airu
1335 3901 1388 3933 aaa·

275 3965 697 4016 ¹Simalaoteeaoetramtraetatum.
711 3965 784 4014 ΤΜ
834 3971 901 4024 rata,
925 3964 961 4012 ito
978 3970 1005 4012 at
1025 3963 1114 4012 retronis
1135 3963 1205 4012 modo
1220 3964 1294 4027 lepore
1307 3965 1388 4028 porris

231 4048 439 4110 tatamiatellipe
447 4045 785 4107 sermonem,etleoeccepliea
834 4053 856 4095 et
879 4046 907 4094 io
929 4046 1009 4095 eodem
1031 4061 1061 4094 oe
1083 4046 1158 4096 Mero.
1177 4058 1207 4096 11.
1231 4064 1337 4111 parvum
1356 4048 1388 4095 rit

228 4146 275 4193 per
296 4130 342 4178 isto
364 4130 393 4177 ia
411 4129 531 4177 Prooemie
552 4126 594 4175 lid.
607 4138 636 4186 1.,
655 4128 725 4185 ὅμοια
741 4127 785 4185 μὲν
834 4127 959 4191 scriptam.
997 4127 1064 4176 Nam
1080 4128 1211 4190 προβάτων
1229 4144 1278 4190 pru
1294 4129 1389 4178 homine

232 4211 373 4268 helecines,
383 4209 481 4267 ἀνόμοια
490 4209 516 4256 δὲ
524 4209 785 4269 φρονοῦννιις;ιιιοπωι
835 4209 1020 4272 simplicissimo,
1046 4212 1088 4272 qui
1106 4227 1213 4274 preceps
1232 4212 1260 4260 ia
1275 4212 1389 4275 pericula

233 4290 280 4339 illo
291 4288 386 4354 [aava
400 4289 425 4354 ι]
442 4289 515 4352 hujeae
527 4287 599 4338 libri:
616 4288 718 4352 Lingua
732 4288 785 4351 qui·
835 4292 914 4340 instar
923 4291 1023 4340 mimate
1033 4292 1091 4353 ruit,
1104 4293 1231 4355 accipitre,
1248 4294 1309 4342 seluo
1318 4296 1389 4357 apud

232 4371 290 4420 dem
300 4387 379 4420 unum
388 4371 516 4420 Christum
527 4370 617 4419 Jesum
628 4371 782 4430 confitentes,
835 4372 1023 4436 Aristophanem
1030 4373 1055 4422 in
1062 4375 1198 4424 PlatoGn.
1216 4376 1268 4424 But
1274 4377 1385 4434 Enseu..

232 4454 305 4503 divisi
317 4468 374 4501 vero
385 4453 515 4500 sententia.
529 4452 579 4500 Gn.
609 4452 647 4501 Of.
659 4465 678 4500 1.
687 4464 742 4512 301,
755 4456 785 4500 at
836 4453 928 4513 Gann,
944 4454 1019 4516 Fun„
1032 4456 1212 4518 havepartum
1223 4472 1301 4507 aerem

232 4536 323 4600 saepius
334 4534 444 4593 audiant,
459 4535 497 4580 ἵνα
509 4534 626 4583 πολλάκις
638 4535 776 4595 anaema.
885 4534 1075 4584 limitationes.
1114 4536 1209 4584 Gneus
1236 4538 1281 4586 has
1306 4538 1388 4587 imila-
