3000 4994
387 355 435 408 ΕΤ
461 353 732 428 ΒΟῌΙΒΜΑΤΙΟΟΒ
759 354 1022 421 Quoscuuuuu.
1219 342 1284 408 261

1298 533 1352 574 nra
1362 533 1402 574 ιν.
1411 533 1450 573 rm

612 593 705 693 Κεφ.
733 594 794 686 νγ’.
1303 582 1451 666 sariunt.

1310 672 1389 712 Mass.
1400 672 1440 711 w.

1325 719 1394 759 xxxiii
1408 720 1428 764 7.

133 747 452 841 Quemadmodum
467 747 738 848 judicubuutur
763 748 829 849 qui
852 749 1049 824 schismata
1073 762 1284 850 operantur,

207 880 240 940 et
266 892 387 940 omues
412 866 532 965 quise
555 879 745 966 seyreoaut
770 867 817 941 ab
840 867 1027 942 Ecclesia:
1056 881 1089 941 et
1113 866 1287 966 quemad·

207 981 354 1056 modum
373 982 499 1057 ommia
516 996 678 1058 coustaut
695 982 731 1058 ei
746 983 812 1083 qui
828 996 877 1058 est
895 983 1183 1059 Ecclesiasticus.

26 1160 111 1204 uma.
137 1150 166 1198 1.
214 1128 509 1199 ΑΝΑΚΡΙΝΕΙ
546 1126 580 1200 δὲ
608 1129 661 1201 καί
692 1130 787 1208 ιτοῦς
816 1127 862 1203 τᾶ
891 1131 1071 1226 σχίσματα
1101 1130 1427 1233 ἐργαζομέ-κ.ςιηιιει

134 1273 211 1324 νους,
227 1240 331 1317 κενοὺς
353 1242 449 1317 ὄντας
464 1248 522 1324 τῆς
541 1248 604 1314 τοῦ
621 1243 709 1314 Θεοῦ
727 1241 868 1335 ἀγάπης,
886 1242 940 1313 καί
957 1242 1002 1316 τὸ
1014 1242 1097 1314 ’ίῦιον
1112 1243 1285 1322 λυσιτελὲς
1297 1213 1450 1346 ἕῗΗΞΨ

27 1376 54 1415 ⁰·
65 1378 108 1417 ³⁰⁰-
134 1359 350 1437 σκοποῦντας,
383 1352 475 1424 ἇλλᾶ
511 1355 556 1437 μὴ
585 1355 646 1438 τὴν
677 1355 789 1426 ἕνωσιν
827 1364 885 1438 τῆς
917 1356 1100 1439 ἐκκλησίας·
1144 1357 1198 1428 καί
1233 1356 1286 1428 διὰ

131 1464 249 1565 μικρὰς
271 1466 324 1536 καί
350 1468 536 1562 ’τυχούσας
561 1467 668 1543 αι’τίας
697 1466 741 1540 τὸ
763 1468 854 1561 μέγα
878 1468 932 1538 καί
957 1466 1089 1563 ἔνδοξον
1108 1474 1204 1554 σῶμα
1224 1476 1289 1542 τοῦ

128 1579 293 1678 Χριστοῦ
311 1580 493 1661 τέμνοντος
511 1579 564 1650 καί
585 1578 800 1679 διαιροῦντας,
827 1581 881 1651 καί
907 1582 989 1651 ὅσον
1014 1580 1058 1653 τὸ
1088 1581 1138 1651 ἐπ’
1166 1583 1287 1667 αὐτοῖς,

132 1691 356 1789 ἀναιροῦντας·
397 1693 474 1769 τοῦς
510 1695 634 1792 α’ρῆνην
658 1697 865 1770 3λαλοῦντας
889 1691 942 1765 καί
968 1695 1119 1778 πόλεμον
1145 1694 1256 1797 ἐργαζ
1273 1740 1288 1755 -

130 1805 252 1904 μένους,
272 1807 400 1886 αληθῶς
420 1803 625 1906 διυλίζοντας
644 1803 706 1877 τὸν
729 1807 865 1876 κώνωπα
886 1804 948 1878 τὸν
967 1804 1002 1876 δὲ
1018 1804 1166 1890 κάμηλον
1184 1839 1289 1880 κατα·

130 1918 297 1993 τίνοντας.
343 1915 489 2001 Οὐδεμία
508 1916 543 1987 δὲ
561 1919 743 2000 τηλικαύτη
763 1916 895 1990 δύναται
917 1917 1000 2017 πρὸς
1021 1920 1125 1991 αῦτῶν
1142 1922 1288 2021 4κατόρ-

133 2033 231 2106 θωσις
264 2030 429 2121 γενέσθαι,
459 2031 552 2113 ἡλίκη
585 2035 649 2102 τοῦ
681 2030 876 2126 σχίσματός
906 2033 1000 2103 ἔστιν
1028 2036 1046 2114 ἡ
1079 2033 1213 2120 βλάβη·

133 2139 245 2213 πάντα
260 2195 267 2210 .
282 2195 290 2210 .
305 2195 313 2210 .
326 2143 530 2225 συνέστηκεν·
556 2145 622 2220 5είς
641 2144 695 2214 ἕνα
714 2141 800 2214 Θεὸν
823 2139 1093 2244 παντοκράτορα,
1120 2144 1159 2241 ἐξ
1184 2147 1225 2217 οῦ
1240 2145 1286 2218 τᾶ

132 2251 253 2338 πάντα,
282 2255 397 2333 πίστις
419 2256 613 2356 ὁλόκληρος·
639 2255 693 2327 καί
717 2257 759 2332 εἷς
783 2255 845 2328 τὸν
863 2255 946 2328 Υίόν
968 2263 1031 2328 τοῦ
1052 2257 1140 2330 θεοῦ
1159 2258 1287 2343 Ἰησοῦν

602 2465 704 2532 CAP.
727 2465 825 2532 LIII.

198 2607 228 2668 l.
273 2602 298 2668 J
302 2625 462 2668 corcram
484 2608 590 2667 autern
611 2610 645 2666 et
668 2605 738 2667 ¹eos
761 2600 813 2687 qui
839 2601 1010 2667 schismata
1033 2610 1211 2688 operantur,
1232 2603 1286 2689 qui

130 2713 205 2770 sunt
226 2706 343 2785 inanes,
367 2727 430 2770 non
450 2705 601 2771 habentes
624 2702 686 2770 Dei
707 2704 915 2784 dilectionem,
941 2727 1091 2790 suamque
1116 2706 1287 2773 utilitatem

133 2809 237 2894 potius
248 2809 479 2875 considerantes
495 2831 588 2894 quam
599 2809 751 2874 unitatem
769 2807 937 2874 Ecclesiae:
955 2817 988 2874 et
1002 2820 1128 2895 propter
1149 2811 1289 2878 modicas

131 2920 165 2977 et
182 2912 335 2999 quaslibet
350 2934 460 2978 causas
480 2934 628 3000 magnum
647 2919 680 2977 et
694 2911 862 2998 gloriosum
882 2934 994 2997 corpus
1013 2911 1129 2977 Christi
1145 2914 1287 2980 conscin-

132 3015 212 3079 dunt
232 3024 264 3080 et
289 3015 439 3094 dividunt,
463 3023 495 3079 et
521 3024 672 3100 quantum
697 3015 730 3077 in
753 3014 829 3100 ipsis
848 3023 907 3092 est,
938 3015 1145 3081 interficiunt:
1176 3038 1286 3103 pacem

132 3117 293 3202 loquentes
311 3127 344 3182 et
367 3118 482 3182 bellum
500 3126 684 3202 operantes:
716 3139 787 3182 vere
807 3112 963 3202 liquantes
983 3117 1113 3182 culicem
1130 3128 1163 3185 et
1183 3142 1285 3186 came·

132 3220 196 3284 lum
211 3221 475 3308 transglutientes.
504 3220 597 3285 Nulla
608 3220 692 3284 enim
702 3221 742 3284 ab
754 3219 800 3284 eis
811 3227 901 3284 tanta
912 3228 1016 3304 potest
1027 3219 1095 3285 fieri
1106 3223 1283 3303 ⁴correctio,
1295 3237 1356 3325 2{aa
1366 3240 1426 3279 ¹¹1st

132 3333 249 3410 quanta
270 3332 319 3389 est
340 3324 517 3389 schismatis
533 3323 696 3409 pernicies.
740 3322 763 3386 J
766 3323 903 3387 udicabit
921 3331 1028 3386 autem
1048 3331 1082 3387 et
1103 3347 1212 3391 omnes
1230 3348 1286 3392 eos

133 3426 186 3511 qui
206 3435 280 3491 sunt
297 3436 386 3491 extra
406 3425 577 3504 veritatem,
598 3426 699 3490 idest
722 3425 775 3508 qui
796 3431 870 3488 sunt
891 3432 982 3489 extra
1003 3425 1195 3491 Ecclesiam:
1220 3427 1287 3514 ipse

112 3538 238 3594 *autem
261 3552 281 3595 a
303 3529 426 3594 nemine
448 3528 651 3616 judicabitur.
688 3528 804 3593 Omnia
823 3527 906 3592 enim
932 3529 961 3593 ei
988 3536 1152 3595 constant:
1181 3539 1214 3596 et
1238 3532 1287 3598 ⁶in

132 3654 230 3696 unum
250 3632 354 3696 Deum
375 3631 628 3717 omnipotentem,
651 3653 691 3695 ex
712 3652 773 3715 quo
793 3631 907 3708 omnia,
923 3631 1019 3696 ⁵fides
1038 3631 1178 3718 integra3
1201 3633 1288 3699 etin

182 3767 191 3799 ¹
211 3767 330 3817 Omiaaam
344 3768 497 3830 particulam
512 3766 683 3830 copulativam,
734 3767 840 3825 ὀνόματα
859 3765 964 3827 τυχόντα
977 3767 1004 3815 in
1019 3767 1062 3815 the
1078 3766 1168 3815 Greek.
1203 3770 1288 3828 τυχού-

132 3851 180 3910 xal,
190 3849 264 3913 posui
280 3851 308 3897 iu
324 3851 402 3899 locum
414 3850 442 3898 rh
460 3851 528 3909 θεῖον,
548 3849 613 3911 quoti
630 3849 683 3897 Do·
735 3865 786 3906 σας,
804 3848 910 3895 without
924 3848 968 3895 the
984 3847 1078 3906 article,
1095 3863 1145 3896 was
1164 3848 1288 3899 mistaken

130 3931 296 3979 musceurmuol
306 3946 400 3980 aeneum
409 3930 575 3992 complendum
583 3929 685 3991 adjecit:
735 3929 773 3976 for
784 3927 798 3974 i
809 3929 922 3991 ὑψούσας,
935 3929 978 3977 the
990 3928 1091 3994 reading
1103 3930 1131 3977 of
1139 3929 1288 3980 thevarious

130 4013 178 4061 but
197 4014 248 4063 AB.
271 4013 346 4062 omits
364 4020 391 4072 ct,
413 4012 462 4060 and
480 4028 538 4076 may
556 4017 601 4060 not
617 4011 685 4060 Deus
734 4009 847 4059 editions.

130 4094 194 4144 have
205 4095 267 4143 been
278 4094 435 4143 absorbedin
452 4098 503 4144 cort
525 4094 683 4157 Otthepre·
783 4089 946 4139 ’λαλοῦντας
973 4089 1019 4138 See
1033 4087 1086 4150 160,
1099 4087 1123 4152 6,
1137 4091 1252 4152 and161,
1265 4107 1286 4145 1.

131 4177 220 4239 ceding
230 4177 304 4225 letter
315 4177 353 4226 M.
368 4176 427 4239 (ω.)
782 4170 794 4202 ⁴
811 4173 861 4220 Au.
872 4171 1003 4234 campita·
1019 4172 1101 4222 Voss.
1109 4174 1285 4237 curculionem.

180 4254 260 4303 ’The
278 4259 333 4303 true
351 4255 461 4318 reading,
484 4270 511 4303 aa
527 4254 622 4303 Guhuu
641 4254 684 4302 ob·
783 4253 911 4303 'Cusum
930 4254 979 4302 and
996 4256 1047 4303 An.
1065 4256 1115 4304 and
1131 4273 1205 4321 every
1216 4259 1289 4308 other

20 4340 28 4350 '
130 4352 219 4397 semes,
234 4338 255 4385 is
263 4337 405 4400 manifcstly
416 4339 545 4397 τυχαύσαςς
559 4334 625 4393 thus,
638 4337 685 4394 οὐχ
735 4333 792 4382 MS:
807 4334 869 4382 omit
883 4334 918 4394 iu,
937 4335 986 4382 and
1004 4336 1042 4384 lor
1053 4336 1123 4397 fides,
1139 4339 1182 4387 tha
1195 4339 1288 4389 fomncr

131 4420 236 4479 ὀτυχὼν
248 4420 357 4478 κίνδυνος,
376 4420 397 4466 is
410 4417 529 4466 renderssl
543 4431 592 4463 μου
609 4415 683 4476 quoa
734 4416 804 4464 reads
811 4415 870 4476 fide.
891 4415 943 4464 The
954 4416 1040 4466 rauler
1050 4434 1107 4483 may
1117 4425 1175 4468 noto
1183 4424 1288 4471 another

131 4501 186 4549 ttoc
198 4501 346 4563 periculum,
358 4513 384 4550 v.
399 4512 481 4559 xxx.;
498 4498 549 4547 aad
566 4512 626 4545 near
641 4497 684 4546 tha
735 4497 800 4545 clear
817 4498 977 4548 enunciation
994 4500 1023 4549 of
1038 4501 1101 4550 saith
1119 4503 1145 4552 in
1162 4504 1205 4554 the
1216 4504 1287 4571 Holy

131 4595 199 4629 saruc
208 4580 286 4643 place,
300 4579 399 4629 nartiac
410 4579 524 4643 qualibet,
539 4591 646 4627 ausuum
657 4581 685 4626 to
734 4580 842 4644 hhinity.
1288 4587 1290 4593 '
