3000 4994
250 321 315 392 eto
540 340 861 396 n1srnusnr1ouns
888 340 1095 394 nmvnnsen

108 505 217 593 app-Llp-
249 491 318 555 rior
331 501 455 570 cestros,
472 503 500 557 et
514 515 609 558 moros
625 501 737 558 nestros
746 518 756 568 ;
772 492 931 577 jndicinrn
943 492 1063 577 justum
1072 492 1224 577 judicate,
1241 501 1271 558 et
1283 493 1403 558 etiami·

83 600 236 687 Gfflgqpff·
249 594 383 658 cordium
404 605 432 659 et
451 596 673 661 miserationem
687 595 792 680 facite
811 596 1014 681 unnsquisque
1028 596 1074 660 cd
1085 597 1225 680 fratrem
1238 618 1343 660 snum:
1366 596 1403 660 in

106 695 209 733 ¹¹¹”¹·²
248 697 375 762 vidua-m
398 709 426 763 et
448 700 618 785 orphanum
643 709 672 763 et
697 698 880 784 proselytum
905 708 932 762 et
951 720 1124 785 pauperem
1145 721 1183 764 ne
1206 700 1404 764 exercueritis

84 772 235 785 *-

83 806 220 891 iim&
242 809 442 885 potentatum,
458 812 486 866 et
507 802 709 887 moueqnisqne
728 801 859 865 rrmlitioe
873 802 995 885 fratris
1013 803 1063 865 sni
1083 823 1122 866 ne
1143 803 1344 866 recordemini
1368 804 1404 866 in

83 898 236 991 ffil'lhlij
249 903 387 968 eordibrm
400 905 515 982 restris,
537 916 565 970 et
574 905 799 989 jusjurandum
805 905 929 988 soleam
943 904 1034 969 notite
1049 905 1186 990 dilipere.
1231 905 1405 970 docemini

248 1009 358 1072 mnndi
369 1018 463 1087 estote,
479 1011 599 1094 anfhrte
612 1010 765 1094 nequitiae
778 1030 799 1072 e
813 1007 951 1072 cordibus
965 1009 1080 1085 uestris,
1097 1008 1203 1073 discite
1218 1007 1402 1093 benefacere,

248 1112 398 1196 eeqnirito
410 1112 578 1196 jutitiam,
609 1112 764 1197 defendite
785 1114 849 1175 vino
864 1112 1043 1197 potientem,
1065 1111 1208 1195 judicate
1224 1112 1349 1198 pupillo
1373 1122 1403 1176 et
1416 1134 1493 1178 cmc

240 1211 409 1295 justificate
423 1214 560 1292 cidnum,
576 1224 605 1279 et
615 1215 713 1279 sortite
724 1214 919 1299 disputentur,
933 1215 1009 1278 dicit
1017 1215 1179 1279 Dominus.
1205 1213 1249 1278 Et
1259 1236 1399 1280 rursum:

82 1325 235 1413 fpmffllt
251 1314 358 1379 Oottte
381 1317 518 1403 titionem
544 1327 628 1383 tuom
652 1341 673 1382 a
694 1316 785 1394 mola
813 1326 840 1382 et
861 1315 946 1381 boto
972 1327 1027 1382 tuo
1050 1339 1087 1382 no
1107 1318 1270 1404 loquentur
1287 1317 1401 1384 dolum.

248 1419 377 1484 Dioerte
394 1442 415 1484 e
437 1422 525 1499 molo,
546 1431 573 1485 et
586 1423 648 1504 sac
672 1420 797 1492 tenuem
828 1420 952 1506 inquire
965 1439 1086 1506 pacem
1104 1429 1132 1485 et
1155 1423 1292 1507 ¹seqnore
1321 1441 1398 1485 eam.

248 1519 332 1587 Haec
356 1533 572 1609 praeconantes
600 1524 772 1609 prophetae,
802 1524 938 1587 fructum
966 1525 1114 1608 petebant
1139 1524 1280 1609 justitiae.
1327 1522 1401 1588 Non

246 1626 444 1691 credentibus
463 1635 569 1692 autem
589 1627 659 1706 illis,
683 1626 849 1692 novissime
866 1625 1001 1691 ²Filium
1019 1648 1111 1690 suum
1128 1626 1213 1691 misit
1229 1626 1402 1691 Dominum

247 1738 389 1793 nostrum
412 1728 526 1793 Jesum
551 1728 721 1807 Christum,
746 1750 839 1816 quem
870 1750 941 1793 cum
970 1729 1157 1794 occidissent
1186 1728 1259 1793 mali
1288 1729 1400 1806 coloni,

247 1833 444 1917 projecerunt
458 1838 549 1896 extra
562 1831 695 1897 vineam.
743 1831 940 1917 Quapropter
954 1836 1003 1896 ³et
1018 1832 1146 1897 tradidit
1160 1854 1230 1897 eam
1246 1832 1401 1897 Dominus

249 1933 338 1998 Deus
351 1955 414 1997 non
430 1935 498 2019 jam
513 1933 787 2012 circumvallatam,
809 1934 865 1999 sed
879 1955 1049 2020 expansam
1065 1933 1098 1997 in
1112 1934 1290 1999 universum
1310 1956 1401 1998 mun-

247 2036 323 2100 dum
351 2036 422 2100 aliis
450 2036 578 2114 colonis,
608 2037 811 2102 reddentibus
841 2037 962 2102 fructus
990 2037 1182 2122 temporibus
1211 2037 1284 2113 suis,
1315 2046 1401 2103 turre

248 2137 409 2205 electionis
423 2140 561 2203 exultata
575 2138 689 2225 ubique
704 2146 737 2203 et
750 2137 898 2224 speciosa.
946 2137 1073 2224 Ubique
1087 2137 1169 2203 enim
1184 2137 1333 2223 praeclnra
1352 2146 1403 2203 est

248 2241 402 2321 Ecclesia,
418 2250 451 2308 et
464 2243 578 2328 ubique
593 2242 828 2308 circumiossmn
843 2242 996 2307 torculur:
1020 2242 1134 2327 ubique
1156 2242 1239 2307 enim
1260 2250 1334 2307 sunt
1348 2242 1403 2329 qui

246 2345 421 2430 suscipiunt
436 2345 598 2430 Spiritum.
630 2345 785 2428 Quoniam
799 2344 882 2410 enim
896 2344 1012 2408 Filium
1031 2344 1088 2408 Dei
1102 2346 1352 2430 reprobaverunt,
1369 2353 1402 2410 et

246 2452 259 2490 ⁴
264 2450 460 2535 projecerunt
471 2470 553 2527 eum,
565 2471 635 2514 cum
647 2470 718 2514 eum
734 2449 930 2525 occidissent,
942 2455 1033 2513 extra
1042 2447 1173 2524 vineam,
1183 2453 1196 2490 ⁵
1198 2450 1282 2534 juste
1297 2469 1402 2533 repro·

247 2552 333 2616 bavit
348 2574 402 2618 eos
412 2551 509 2630 Deus,
519 2560 552 2616 et
562 2562 653 2617 extra
664 2553 786 2618 vineam
794 2551 1018 2617 exsistentibus
1032 2550 1179 2638 gentibus
1193 2551 1279 2615 dedit
1294 2551 1401 2616 fructi-

247 2654 425 2720 ficationem
440 2655 581 2720 culturae.
625 2655 893 2736 Quemadmodum
915 2661 948 2718 et
973 2653 1150 2718 Hieremias
1172 2653 1323 2739 propheta
1336 2653 1399 2720 ait:

84 2757 434 2844 ro.maem.Reproiaoit
459 2759 619 2836 Dominae,
643 2768 673 2822 et
694 2757 804 2843 obs-'mit
821 2768 938 2844 pentorn
958 2758 1126 2843 facientem
1148 2758 1231 2822 neec:
1258 2760 1401 2843 quonium

241 2861 385 2946 fecerant
399 2861 469 2942 filii
491 2861 581 2925 Jndu
603 2861 773 2946 molipnnrn
798 2863 833 2926 in
856 2870 1012 2947 eneepcctn
1036 2884 1109 2940 neec,
1135 2862 1212 2926 dicit
1237 2862 1401 2927 Dominae.

84 2980 235 3029 taurina
250 2960 401 3027 Similiter
432 2968 540 3026 autem
569 2961 766 3026 Hieremias:
801 2963 952 3027 Onetor·
983 2984 1076 3047 nuper
1102 2985 1152 3027 eos
1182 2963 1400 3048 euplorotorem

248 3063 369 3128 Audite
392 3084 490 3128 mecm
515 3062 612 3137 tndem·
641 3073 670 3128 et
692 3065 849 3144 dicerunt,
870 3066 945 3129 Non
967 3065 1137 3130 audiemus.
1181 3065 1317 3151 Propter
1349 3066 1403 3129 too

246 3164 416 3230 andierunt
427 3174 537 3251 pentes,
553 3174 582 3230 et
595 3167 649 3252 qni
657 3175 791 3251 pascuost
798 3188 915 3251 peoora
930 3168 964 3230 in
979 3167 1031 3231 eie.
1078 3165 1171 3230 Unus
1183 3187 1257 3252 ergo
1272 3174 1305 3231 et
1320 3166 1402 3230 idem

248 3264 339 3331 Deus
362 3266 469 3345 Pater,
490 3266 543 3351 qui
564 3267 716 3353 plautavit
737 3267 869 3346 vineam,
891 3267 943 3354 qui
962 3266 1110 3353 populum
1130 3268 1249 3342 eduxit,
1265 3268 1317 3354 qui
1333 3290 1403 3353 pro·

248 3368 361 3456 phetas
375 3369 470 3448 misit,
480 3370 532 3456 qui
549 3369 666 3434 Filium
680 3393 772 3436 suum
785 3370 880 3448 misit,
891 3370 944 3455 qui
955 3369 1076 3434 vineam
1090 3369 1178 3434 dedit
1191 3369 1261 3434 aliis
1274 3369 1402 3447 colonis,

248 3473 298 3539 bis
313 3473 365 3559 qui
380 3474 513 3539 reddunt
527 3474 648 3539 fructus
662 3474 695 3537 in
709 3474 900 3560 temporibus
914 3472 989 3538 suis.

314 3582 345 3644 3.
392 3578 438 3643 Et
461 3586 587 3665 propter
609 3578 671 3643 hoc
696 3579 821 3643 dicebat
847 3576 1003 3642 Dominus
1024 3574 1183 3660 discipulis
1208 3574 1283 3652 suis,
1304 3577 1403 3640 bonos

81 3696 225 3784 geme,
249 3682 406 3768 operarios
429 3705 486 3748 nos
508 3703 705 3768 praeparans:
728 3680 886 3745 Attendite
909 3679 999 3753 cotie,
1023 3682 1069 3743 ⁰et
1092 3678 1217 3764 cipitete
1238 3700 1353 3764 serrrper
1369 3680 1404 3744 in

247 3786 330 3850 unni
361 3795 500 3871 tenpore,
535 3808 574 3850 ne
602 3784 724 3871 quondo
756 3792 926 3870 precentur
955 3780 1049 3846 cerdo
1079 3790 1179 3846 antro
1208 3780 1244 3845 in
1272 3781 1404 3867 cropnlc

246 3898 274 3953 et
296 3887 437 3953 ebrietate
456 3891 504 3953 ⁷et
518 3886 746 3974 copitotionilne
763 3884 959 3961 redonus,
982 3894 1010 3949 et
1033 3893 1152 3970 repente
1166 3883 1297 3948 adsiste
1313 3904 1405 3968 asper

247 4013 297 4055 vos
310 3990 375 4054 dies
389 3990 458 4056 iilo.
502 3992 702 4078 Superoertiet
716 3991 796 4053 enim
810 3988 898 4074 qnasi
913 3987 1036 4073 loqmero
1048 4009 1139 4073 anper
1159 4009 1256 4051 onenes
1273 3986 1405 4051 sedentes

80 4108 127 4196 ii‘
139 4111 176 4150 xit
185 4113 217 4159 ω,
247 4116 339 4180 snper
345 4095 465 4179 sociem
484 4104 588 4160 terroe.
632 4095 705 4159 Sint
717 4093 816 4178 ipitnr
830 4090 924 4157 lumbi
939 4092 1031 4157 uestri
1038 4091 1214 4177 precincti,
1230 4100 1258 4155 et
1271 4091 1405 4155 lnoernoe

296 4247 305 4278 ¹
324 4247 644 4308 Gn„tn.,Voss.‚buth.
650 4261 796 4310 perronae.
897 4242 909 4275 ⁶
921 4243 985 4306 juste
995 4280 1014 4293 ..
1024 4243 1141 4304 ‚numen
1153 4244 1259 4294 omitted
1267 4245 1294 4293 in
1305 4245 1348 4292 the
1356 4243 1401 4292 (tn.

294 4328 305 4359 ²
322 4329 376 4389 Cn,
390 4330 471 4379 Voss.
484 4329 551 4377 misit
561 4329 601 4378 Fi.
613 4345 650 4379 en.
665 4328 738 4378 rabit.
897 4326 908 4358 ⁶
924 4335 944 4375 ct
959 4326 1058 4388 sinitote
1068 4342 1160 4388 semper
1170 4328 1198 4374 in
1209 4326 1275 4374 omni
1289 4334 1398 4388 eropon,

294 4409 305 4441 ⁸
321 4417 351 4469 et,
365 4413 422 4471 Am,
436 4411 540 4460 omItted
551 4412 577 4459 in
589 4412 646 4470 Cn,
657 4411 738 4460 Voss.
847 4413 892 4457 not
902 4408 980 4458 iound
991 4409 1017 4456 in
1028 4409 1072 4457 the
1084 4408 1174 4457 sacred
1185 4408 1250 4456 Text
1260 4424 1288 4456 or
1303 4409 1336 4456 its
1348 4424 1400 4455 ver·

293 4487 304 4518 ⁴
320 4489 477 4550 projecerunt,
496 4490 549 4549 On,
568 4490 631 4549 An,
653 4489 742 4547 Voss,
762 4488 795 4537 al.
846 4489 920 4539 siens.

243 4567 364 4629 denum.
895 4568 1136 4632 ⁷ctcopitationib1n
1145 4584 1199 4631 occ,
1211 4573 1256 4618 not
1267 4569 1293 4617 in
1302 4569 1345 4618 the
1354 4568 1398 4617 Cn.
