3000 4994
590 363 631 415 IN
659 362 829 416 cflmsro.
1218 349 1283 413 121

130 550 204 604 πον,
230 521 291 604 τήν
320 521 418 604 αὐτὴν
442 522 547 612 ἐκείνῳ
576 530 633 604 τῆς
662 522 837 615 γεννήσεως
862 525 949 618 ἔχειν
978 524 1174 606 ὁμοιότητα.
1219 521 1283 599 Εἷς
1317 535 1422 621 ¹;},¹‚³,·,1}¹

129 633 167 704 σι’
202 631 256 704 οὖν
290 635 392 705 πάλιν
427 635 482 704 mlx
517 635 624 722 ἔλαβε
659 641 742 731 χοῦν
775 638 793 706 ὁ
832 634 924 720 θεὸς,
963 635 1043 706 ἀλλ’
1078 636 1112 705 ἐκ
1146 627 1446 734 Maplarblllltllll

129 745 290 844 ἕνῆργησε
314 748 376 829 mlv
398 748 526 817 πλάσιν
547 749 722 839 γενέσθαι;
742 747 817 818 Ἵνα
844 749 889 831 μιὶ
920 747 1008 830 ἄλλη
1035 745 1162 825 πλᾶσις
1189 749 1283 839 γένη.
1300 720 1446 803 Εἰ)...

128 889 195 943 τοι,
224 857 305 942 μηδὲ
331 858 420 930 ἄλλο
443 858 486 932 τὸ
516 859 703 960 σωζόμενον
732 860 760 954 ᾗ,
790 861 869 932 ἁλλ’
888 860 1006 938 ἀὐτὸς
1032 862 1147 938 ἐκεῖνος
1173 861 1284 931 ἀνακε-

130 974 317 1070 φαλαιωθῇ,
344 974 538 1070 τηρουμένης
563 982 621 1055 τῆς
649 975 859 1056 ὁμοιότητος.
895 973 1015 1065 'Aper
1041 971 1095 1044 mlv
1119 974 1282 1044 πίπτουσι

45 1138 52 1151 .
102 1083 183 1153 acal
216 1087 250 1154 οἱ
283 1085 450 1176 λέγοντες,
485 1084 585 1156 αὑτὸν
615 1085 713 1170 μηδὲν
747 1087 916 1184 εἰληφέναι
949 1087 983 1157 ἐκ
1019 1094 1078 1168 τῆς
1109 1088 1282 1185 παρθένον,

129 1197 166 1266 ’ἶν’
192 1197 361 1283 ἐκβάλωσι
388 1197 448 1279 ‘miv
473 1206 531 1280 τῆς
556 1197 678 1297 σαρκὸς
700 1200 928 1298 κληρονομίαν,
955 1199 1009 1269 καὶ
1032 1198 1282 1285 ἆποβᾶλωνται

129 1311 190 1392 τὴν
217 1311 414 1393 ὁμοιότητα.

129 1533 244 1598 habere
268 1534 512 1599 similitudinem.
567 1535 671 1617 Quare
696 1534 791 1622 igitur
821 1556 884 1599 non
905 1533 1018 1599 iterum
1039 1533 1152 1598 sumsit
1173 1532 1283 1597 limum

130 1636 228 1715 Deus,
252 1637 308 1702 sed
330 1660 370 1702 ex
392 1638 497 1702 Maria
519 1647 666 1722 operatus
685 1647 734 1703 est
757 1636 994 1724 plasmationem
1014 1636 1103 1701 fierit
1148 1636 1198 1701 Ut
1219 1658 1283 1701 non

128 1739 191 1804 alia
213 1739 377 1826 plasmatio
400 1742 497 1818 fieret,
522 1762 623 1828 neque
642 1740 704 1805 alia
722 1750 806 1807 esset
826 1741 990 1826 plasmatio
1012 1761 1082 1825 quae
1102 1738 1283 1816 salvaretur,

129 1841 184 1905 sed
214 1841 322 1906 eadem
350 1842 419 1927 ipsa
447 1842 712 1928 recapitularetur,
742 1850 866 1907 servata
898 1841 1111 1906 similitudine.
1165 1840 1283 1906 Errant

129 1943 225 2030 igitur
247 1945 299 2030 qui
324 1945 442 2023 dicunt,
465 1966 537 2009 eum
561 1945 638 2008 nihil
661 1968 701 2011 ex
724 1944 859 2032 Virgine
879 1944 1048 2030 accepisse,
1073 1952 1109 2008 ut
1132 1944 1284 2028 abjiciant

129 2048 232 2111 carnis
255 2047 479 2125 haereditatem,
503 2047 653 2132 abjiciant
672 2056 778 2113 autem
797 2056 829 2113 et
852 2048 1097 2113 similitudinem.
1143 2047 1177 2113 si
1199 2048 1283 2111 enim

129 2150 180 2216 ille
203 2152 327 2239 quidem
347 2152 386 2216 de
406 2159 499 2229 terra,
523 2159 556 2215 et
573 2174 667 2216 manu
690 2160 723 2217 et
748 2151 879 2217 artificio
901 2150 972 2229 Dei,
993 2150 1230 2236 plasmationem
1250 2158 1283 2216 et

128 2253 336 2318 substantiam
359 2253 478 2331 habuit,
502 2254 553 2317 hic
576 2263 765 2318 autemnon
788 2275 882 2317 manu
902 2261 934 2317 et
957 2252 1090 2317 artificio
1111 2253 1194 2327 Dei;
1215 2255 1283 2338 jam

128 2377 192 2420 non
206 2356 339 2422 servavit
353 2356 586 2421 similitudinem
601 2357 746 2434 hominis,
766 2357 818 2442 qui
840 2357 942 2421 lactus
957 2365 1006 2420 est
1020 2357 1190 2421 secuudum
1206 2357 1283 2422 ima-

23 2456 26 2461 ’
127 2456 233 2544 ginem
248 2458 346 2543 ipsius
361 2465 393 2522 et
407 2458 653 2535 similitudinem,
671 2466 704 2523 et
722 2459 922 2522 *inconstans
935 2458 1100 2523 artificium
1117 2458 1280 2538 videbitur,

127 2581 191 2624 non
213 2559 332 2624 habens
355 2560 437 2625 circa
457 2561 539 2645 quod
565 2562 710 2626 ostendat
732 2561 918 2646 sapientiam
940 2583 1039 2626 suam.
1080 2560 1153 2625 Hoc
1174 2569 1281 2625 autem

128 2663 232 2728 dicere
257 2671 316 2742 est,
343 2671 376 2729 et
400 2665 538 2750 putative
562 2664 744 2750 apparuisse
770 2684 853 2740 eum,
880 2671 913 2729 et
938 2672 1089 2749 tanquam
1111 2663 1280 2742 hominem,

128 2789 200 2833 cum
226 2790 289 2832 non
309 2776 392 2832 esset
414 2768 526 2832 homo:
550 2777 583 2832 et
601 2771 719 2833 factum
743 2789 815 2832 eum
835 2766 1002 2843 hominem,
1024 2766 1100 2830 nihil
1121 2789 1281 2832 assumen-

128 2878 194 2936 tem
219 2873 258 2937 de
283 2872 417 2937 homine.
466 2873 500 2937 Si
524 2873 607 2937 enim
626 2895 689 2936 nou
708 2872 831 2958 accepit
855 2873 896 2936 ab
921 2871 1046 2936 homine
1073 2871 1281 2936 substantiam

129 2976 241 3054 carnis,
261 2995 362 3063 neque
382 2975 476 3040 homo
496 2976 598 3040 sactus
619 2983 678 3054 est,
699 2997 799 3061 neque
819 2975 918 3039 Filius
935 2973 1100 3039 Hominis:
1125 2981 1158 3038 et
1176 2973 1203 3038 si
1221 2973 1280 3039 hoc

26 3101 111 3141 maro.
128 3099 191 3142 non
206 3078 308 3143 factus
330 3078 477 3163 estquod
497 3098 554 3142 nos
568 3099 702 3154 eramus,
719 3098 782 3141 non
801 3098 949 3163 magnum
964 3075 1099 3140 iaciebat
1113 3074 1195 3161 qnod
1211 3095 1281 3160 pas·

128 3203 183 3247 sus
197 3189 246 3247 est
265 3189 298 3246 et
312 3181 470 3247 sustinuit.
518 3181 586 3246 Nos
604 3190 711 3246 autem
726 3180 873 3267 quoniam
887 3202 999 3265 corpus
1018 3201 1126 3245 sumus
1145 3179 1281 3244 deterre

127 3293 300 3371 acceptum,
324 3293 357 3349 et
379 3285 485 3348 anima
507 3285 662 3370 accipiens
680 3305 701 3348 a
722 3284 791 3349 Deo
810 3283 964 3370 spiritum,
988 3282 1088 3348 omnis
1106 3282 1281 3370 quicunque

127 3389 335 3454 confitebitur.
383 3387 456 3455 Hoc
471 3389 576 3474 itaque
597 3389 715 3454 factum
738 3397 787 3453 est
810 3389 951 3453 Verbum
968 3387 1039 3466 Dei,
1055 3409 1147 3452 suum
1162 3386 1281 3472 plasma

126 3491 181 3556 ³in
198 3491 400 3577 semetipsum
419 3492 645 3578 recapitulans:
669 3498 703 3556 et
717 3499 842 3577 propter
860 3492 920 3556 hoc
941 3491 1059 3556 Filium
1080 3490 1228 3554 Hominis
1246 3511 1280 3555 se

127 3595 302 3673 confitetur,
319 3602 351 3660 et
372 3595 531 3661 beatificat
552 3596 647 3673 mites,
670 3596 814 3681 quonium
832 3595 894 3681 ips-i
912 3593 1134 3659 toereditmmt
1154 3602 1279 3658 terram.
1293 3623 1408 3664 untes

128 3696 174 3761 Et
188 3697 362 3783 Apostolus
375 3707 481 3762 antem
498 3698 616 3762 Paulus
630 3697 663 3762 in
676 3698 806 3784 epistola
821 3719 891 3782 qnae
905 3699 1009 3763 estad
1025 3697 1165 3773 Galatas,
1182 3694 1280 3759 mani·

126 3799 205 3864 feste
219 3799 279 3864 ait:
302 3801 394 3864 Misit
408 3800 493 3865 Deus
506 3800 629 3864 Filium
642 3822 740 3878 aomo,
751 3802 875 3885 sactum
889 3801 927 3864 do
941 3800 1077 3865 muliero.
1115 3799 1160 3863 Et
1174 3820 1281 3863 rursus
1293 3822 1337 3862 (ar
1347 3822 1374 3860 u.
1383 3823 1402 3860 ι

126 3900 159 3966 in
183 3924 316 3987 eaquae
334 3912 383 3968 est
407 3904 449 3968 ad
473 3904 649 3968 Romanos:
673 3903 722 3967 Do
746 3903 834 3967 Filio
858 3911 969 3977 autom
994 3901 1104 3987 inquit,
1130 3900 1202 3984 μοι,
1227 3901 1281 3986 qui
1294 3927 1432 3974 mursa

126 4005 226 4070 factus
239 4013 281 4069 m
295 4026 332 4070 ια
345 4006 454 4070 semim
468 4005 579 4070 David
590 4005 753 4070 secundum
770 4027 902 4082 caraem,
919 4005 972 4090 qui
984 4002 1225 4088 proedestinatus
1239 4013 1282 4069 ur

125 4105 233 4171 Filius
263 4107 328 4172 Dei
356 4108 391 4172 ιἰι
419 4109 540 4185 cirtulo,
570 4108 733 4172 οιοιιααιιιιι
769 4107 923 4192 Spiritum
957 4106 1214 4187 moctbtoatioois,
1245 4128 1282 4173 ιο

126 4211 345 4276 commeatione
359 4221 553 4290 οιοιτιιονιιιιι,
568 4210 645 4276 Jesu
662 4211 777 4276 Christi
790 4209 922 4274 Domini
936 4209 1041 4274 ιιοανί.

175 4414 185 4447 ¹
203 4417 274 4466 ambr
286 4416 473 4476 excisoqudom
483 4432 518 4466 sc.
533 4416 571 4465 Cf.
584 4432 605 4465 c.
615 4427 679 4467 xxx.
781 4413 846 4464 'As
866 4415 995 4464 Messon
1011 4413 1134 4476 observes,
1146 4415 1189 4464 tha
1204 4421 1283 4465 trans

126 4497 272 4546 Macrmus
298 4498 364 4546 after
390 4499 520 4557 σωζομενον
552 4497 622 4546 reads
656 4495 680 4558 ᾗ,
731 4497 1002 4558 lationoftcomrov,
1016 4495 1176 4547 inanum.

127 4579 375 4644 whichagreeuwith
385 4578 596 4630 thetmlation.
781 4577 840 4629 'ele
856 4579 948 4630 ἑαυτόν.
984 4577 1090 4641 Oi.1²3,
1104 4593 1161 4628 nur.
