3000 4994
875 275 939 339 ho
1022 277 1040 314 C
1102 322 1142 344 ,Η
1194 310 1202 333 ¹)

404 383 660 438 raraconurna
685 313 1096 438 n1snausar1s³¹50s2

10 552 69 590 ,Μ
91 536 370 622 appropinqueriet
388 538 465 600 aeui
488 540 678 622 cognosceris,
703 539 739 601 iu
760 538 894 602 odoratu
913 539 1054 624 temporis
1071 539 1242 618 ueremur,
1280 559 1327 598 tm
1343 560 1382 600 111.

91 638 126 702 ire
140 659 171 702 eo
191 638 273 723 quod
290 638 428 703 turbetur
441 641 548 703 euirua
563 663 629 704 mea
649 641 684 704 in
702 641 765 717 ira,
780 641 999 705 misericordie
1018 650 1080 705 tuce
1097 663 1242 705 mentore-
1257 608 1407 690 will-'iiiii-

90 740 178 806 beria
225 742 287 807 Sed
311 750 344 807 et
366 742 484 807 Paulus
507 743 570 807 ait:
598 744 674 807 Cum
696 752 796 808 cutem
818 745 899 808 eruit
913 743 1076 829 plenitudo
1090 745 1241 830 temporie,
1257 697 1405 828 Ἣ

90 847 174 909 arisit
198 847 285 911 Deua
303 846 411 928 filium
439 868 537 912 auum.
591 847 654 912 Per
679 848 762 932 quod
786 848 986 912 manifestum
1012 857 1070 925 est,
1097 847 1243 935 quoniam
1256 852 1365 892 “dlv-⁴³

89 947 195 1012 omnia
209 971 279 1032 quae
299 949 489 1036 praecognita
508 958 597 1015 erant
615 971 635 1014 a
652 950 758 1026 Patre,
782 949 889 1015 ordine
913 958 945 1014 et
966 957 1105 1034 temporo
1120 958 1152 1015 et
1167 951 1243 1015 hora

90 1053 281 1138 praecognita
295 1060 326 1117 et
341 1063 415 1138 apta
429 1052 558 1138 perfecit
577 1051 733 1117 Dominus
748 1059 863 1130 noster,
879 1074 959 1116 unus
974 1052 1098 1138 quidem
1113 1060 1146 1118 et
1160 1053 1243 1118 idem

89 1154 255 1232 exsistens,
276 1155 362 1220 dives
381 1165 487 1220 autem
511 1163 544 1219 et
566 1154 692 1219 multus.
746 1154 845 1219 Diviti
867 1154 951 1219 enim
969 1163 1002 1220 et
1016 1156 1122 1219 multae
1137 1155 1243 1219 volun·

90 1259 150 1320 tati
167 1258 273 1323 Patris
288 1259 431 1337 deservit,
447 1281 519 1324 cum
534 1260 576 1324 sit
591 1260 657 1345 ipse
674 1258 816 1323 Salvator
830 1280 937 1323 eornm
951 1258 1004 1344 qui
1025 1258 1194 1337 salvantur,
1210 1266 1243 1323 et

92 1358 248 1426 Dominus
262 1383 369 1426 corum
384 1362 436 1449 qui
450 1371 525 1426 sunt
535 1363 594 1426 sub
610 1361 757 1438 dominio,
769 1369 802 1425 et
817 1361 905 1426 Deus
920 1381 1111 1446 eorumquae
1126 1362 1243 1426 consti-

89 1470 162 1526 tuta
175 1471 259 1543 sunt,
276 1474 307 1530 et
323 1466 503 1552 unigenitus
522 1465 638 1542 Patris,
654 1473 687 1529 et
707 1464 852 1529 Christus
866 1465 918 1549 qui
934 1464 1120 1549 praedicatus
1135 1473 1193 1543 est,
1209 1473 1243 1529 et

92 1564 233 1630 Verbum
250 1567 310 1632 Dei
321 1568 509 1646 incarnatus,
519 1591 590 1633 cnm
605 1568 781 1632 advenisset
793 1566 950 1653 plenitudo
963 1567 1120 1653 temporis,
1133 1567 1165 1630 in
1180 1589 1242 1654 quo

92 1668 210 1733 Filium
227 1669 375 1735 Hominis
390 1671 456 1735 fieri
472 1672 636 1756 oportebat
653 1670 769 1734 Filium
786 1669 856 1735 Dei.

11 1796 71 1841 ‚am
156 1778 187 1839 8.
233 1773 335 1860 Igitur
355 1796 463 1839 omnes
482 1778 588 1839 ¹extra
608 1774 842 1860 dispositionem
863 1782 946 1852 sunt,
965 1774 1017 1860 qui
1038 1775 1097 1838 sub
1112 1776 1242 1840 obtentu

90 1875 261 1962 agnitionis
290 1876 436 1940 ²alterum
466 1877 590 1961 quidem
621 1876 645 1940 J
647 1898 734 1941 esum
764 1875 952 1964 intelligunt,
978 1876 1111 1942 alterum
1135 1886 1241 1942 antem

92 1977 261 2058 Christum,
291 1987 324 2044 et
350 1980 483 2044 alteram
509 1979 727 2066 Unigenitum,
754 1979 879 2045 abhoc
912 1986 1018 2044 autem
1041 2001 1163 2044 rursum
1192 1987 1242 2045 est

93 2079 244 2158 Verbum,
274 2088 307 2145 et
335 2081 467 2145 alterum
505 2081 706 2160 Salvatorem,
737 2104 829 2169 quem
858 2083 952 2148 etiam
982 2104 1089 2147 eorum
1118 2083 1172 2168 qui
1208 2083 1242 2147 in

90 2183 351 2250 ”deminoratione
373 2186 446 2250 facti
471 2194 545 2250 sunt
561 2187 686 2251 AEones
709 2185 907 2251 emissionem
926 2207 995 2251 esse
1013 2186 1122 2251 dicunt
1139 2186 1171 2249 hi
1187 2187 1240 2273 qui

90 2295 165 2351 sunt
189 2289 301 2352 erroris
323 2289 483 2374 discipuli:
511 2289 564 2375 qui
588 2311 609 2353 a
633 2288 709 2353 foris
731 2288 856 2373 quidem
878 2310 960 2365 oves,
987 2311 1135 2374 peream
1158 2289 1242 2354 enirn

91 2413 186 2475 quam
200 2391 316 2456 habent
331 2392 524 2457 extrinsecus
539 2392 692 2477 loquelam
706 2391 824 2456 similes
838 2392 928 2456 nobis
948 2401 1107 2477 apparent,
1132 2391 1241 2456 eadem

90 2493 251 2558 nobiscum
266 2494 436 2580 loquentes,
458 2494 643 2559 intrinsecus
653 2515 725 2558 vero
740 2493 815 2577 lupi.
861 2493 1024 2557 Sententia
1037 2494 1120 2558 enim
1135 2515 1241 2557 eorum

90 2596 306 2675 homicidialis,
332 2597 418 2662 Deos
441 2599 566 2684 quidem
592 2598 694 2683 plures
716 2596 908 2682 confingens,
938 2604 971 2661 et
1000 2604 1105 2681 patres
1127 2594 1242 2660 multos

89 2698 258 2772 simulans;
279 2700 492 2765 comminuens
506 2709 612 2764 autem
626 2707 658 2764 et
673 2699 841 2784 permulta
855 2697 995 2762 dividens
1019 2697 1135 2762 Filium
1158 2697 1239 2763 Dei:

91 2822 169 2887 quos
176 2811 208 2866 et
218 2802 373 2867 Dominus
384 2803 473 2867 nobis
486 2825 593 2867 cavere
608 2801 763 2887 praedixit,
772 2810 805 2865 et
816 2800 985 2885 discipulus
999 2801 1066 2885 ejus
1078 2800 1101 2863 J
1103 2800 1242 2864 ohannes
1255 2819 1313 2860 utre
1324 2821 1359 2860 vn.
1369 2824 1397 2861 u

90 2904 123 2967 in
138 2904 302 2989 ⁴praedicta
316 2905 446 2991 epistola
461 2905 567 2992 lugere
581 2926 636 2969 eos
649 2903 806 2990 praecepit,
823 2901 949 2976 dicens3
966 2902 1065 2965 Multi
1075 2903 1242 2968 seductores
1254 2928 1320 2968 eron.
1329 2930 1374 2976 aa

91 3007 231 3071 orimum
244 3007 279 3070 e‘rt
293 3006 372 3070 burte
391 3007 548 3084 renerum,
567 3008 621 3093 qui
639 3029 697 3070 aon
715 3007 891 3087 eonfiteretur
904 3006 1012 3069 lesum
1033 3005 1186 3070 Christum
1207 3008 1242 3071 in

90 3130 184 3173 cerae
206 3111 328 3174 uenisse.
373 3111 437 3174 Hir
460 3120 502 3175 eat
525 3110 662 3174 reductor
684 3119 711 3173 et
737 3108 956 3172 Antichristus.
1001 3108 1106 3173 Videte
1127 3131 1182 3189 eos,
1205 3132 1243 3175 ree

82 3212 229 3297 perdutis
240 3213 320 3299 quod
329 3213 446 3298 operati
457 3213 534 3277 estis.
560 3212 604 3276 Et
613 3234 718 3278 rursus
729 3211 918 3297 in⁵epistola
929 3212 988 3275 ait:
1006 3212 1105 3276 Multi
1112 3214 1242 3297 pseudo·
1255 3219 1357 3305 pono.
1368 3220 1406 3266 υ,

141 3445 233 3494 ¹aotra
251 3444 437 3508 dispositionem,
459 3449 503 3506 ἔξω
522 3448 565 3506 τῆς
585 3448 643 3495 otro
692 3447 737 3496 See
749 3446 814 3494 utu.
828 3445 880 3494 arrd
893 3445 971 3495 Tbeol.
985 3444 1015 3507 of
1024 3445 1117 3495 Creede.

91 3529 179 3588 mutar,
199 3529 259 3592 they
275 3545 317 3577 are
333 3530 440 3577 without
456 3529 498 3577 the
516 3528 642 3577 Christian
739 3525 962 3588 3(Ιοηὶηονοιίιόιιε,
986 3529 1127 3588 tharentum,
1151 3528 1167 3576 i.
1176 3544 1196 3577 e.
1217 3526 1244 3576 ire

89 3609 266 3672 dispensation,
290 3610 346 3657 who
369 3609 450 3658 divide
473 3609 573 3669 Christ;
600 3611 643 3658 tho
690 3608 749 3657 lube.

89 3689 160 3738 word
174 3691 248 3754 being
263 3691 323 3739 used
334 3691 360 3738 in
371 3691 413 3738 the
425 3691 556 3754 scriptural
573 3707 643 3740 sensa
739 3690 892 3752 *prodictu
921 3689 1041 3738 dimetria
1056 3689 1243 3756 luparueetlre·

88 3789 118 3821 aa
129 3773 154 3820 in
166 3774 209 3821 the
216 3773 341 3836 fragment
348 3775 373 3821 in
385 3786 479 3835 c.x1x.,
489 3774 573 3822 rather
581 3775 642 3822 than
690 3785 765 3829 uoeua,
778 3770 896 3832 siquidem
910 3777 965 3818 uate
978 3785 1027 3817 noa
1037 3786 1065 3817 ee
1075 3769 1188 3828 meando,
1201 3770 1243 3818 aed

87 3855 131 3904 the
139 3854 319 3905 eeclesiastical.
345 3855 641 3917 Sowereadul'terwards,
688 3851 774 3913 primu
789 3852 814 3900 S.
828 3851 934 3900 Jounur'e
949 3849 1174 3912 epistolaquoedum
1184 3850 1242 3898 atte-

88 3953 111 3985 ο.
125 3948 182 3984 xlx.
197 3936 397 3998 dirprrmutionem
405 3973 410 3984 .
418 3970 437 3985 ..
448 3935 532 3984 salutm
546 3942 639 3986 roure.
688 3940 799 3995 permut:
814 3933 865 3981 uiri
876 3933 954 3981 dr'rere
964 3932 1027 3992 aelia,
1038 3947 1092 3979 eum
1103 3931 1198 3992 loupiac
1209 3931 1243 3979 ud

88 4016 129 4067 Cf.
143 4017 343 4079 dmpemutionem
354 4017 477 4076 adrentus,
490 4033 515 4080 p.
529 4017 569 4078 85.
691 4012 772 4078 [Toni.
783 4011 865 4076 uror]
876 4011 1016 4073 respexisse·
1026 4011 1090 4072 quod
1100 4018 1179 4060 temen
1190 4027 1243 4060 rere

138 4096 242 4147 ’From
254 4099 303 4148 this
314 4099 364 4147 and
375 4099 469 4147 similar
479 4114 594 4162 passages
605 4114 642 4146 we
690 4096 759 4143 baud
780 4095 876 4143 m'eletur
896 4093 982 4142 ciruitu.
1012 4093 1114 4142 Guaau.
1158 4093 1191 4154 If,
1215 4109 1243 4142 as

87 4180 284 4245 easilyperceive
295 4182 337 4229 the
348 4181 467 4229 rationale
475 4180 503 4229 of
511 4181 553 4229 tha
561 4181 643 4228 clause
689 4178 759 4225 there
780 4177 802 4224 ia
824 4191 910 4224 reason
933 4179 959 4222 to
982 4189 1094 4237 suppose,
1118 4173 1244 4222 Innuaus

86 4263 115 4311 in
131 4263 176 4311 tho
192 4262 298 4312 Eastem
316 4263 406 4322 creada,
420 4264 563 4327 expressing
579 4262 642 4310 saith
689 4259 775 4307 makes
782 4257 895 4320 frequent
902 4272 945 4304 use
952 4255 981 4302 ol
984 4256 1026 4303 the
1036 4254 1241 4318 SyriacVerainn,

86 4344 114 4393 in
136 4343 264 4394 Onetord
281 4344 352 4393 Jecur
368 4343 466 4400 Clarium
486 4345 506 4392 it
524 4343 642 4406 estopped
690 4341 759 4388 these
770 4339 912 4402 quotatiomr
924 4338 986 4385 from
998 4337 1041 4385 thu
1051 4337 1141 4385 second
1153 4337 1200 4402 Ep.
1217 4339 1247 4387 of

85 4426 194 4476 Gnoatio
212 4427 315 4490 impiety
327 4442 354 4474 as
372 4425 472 4489 regards
488 4425 530 4473 the
543 4425 600 4483 Son,
615 4440 642 4472 as
691 4420 717 4473 S.
732 4421 800 4469 John
818 4421 881 4468 have
898 4436 913 4467 a
928 4418 1038 4483 peculiar
1054 4419 1163 4478 interest,
1177 4421 1244 4468 since

85 4509 152 4559 fnith
163 4509 189 4557 in
201 4523 248 4556 one
259 4507 315 4556 God
327 4507 369 4555 the
376 4505 471 4555 Father
481 4505 532 4554 and
540 4504 643 4553 Creator
690 4505 733 4554 the
742 4504 827 4567 Syriae
836 4503 896 4567 onlp⁷
904 4503 1017 4551 contains
1026 4503 1068 4551 the
1077 4503 1131 4551 first
1138 4502 1241 4566 Epistle.

85 4592 220 4643 olallwas
231 4587 640 4652 assertedintheopeningelause.
740 4584 1094 4649 retransmeare.
1235 4609 1237 4613 <
