3000 4994
230 326 295 396 276
575 343 627 397 rs
653 344 787 398 consu
814 344 890 398 uno
917 343 1043 397 suune

88 507 191 595 guph-¹3
229 496 342 582 capita,
358 497 446 563 valde
464 497 590 585 quidem
612 497 778 564 ¹altissime
798 519 833 563 se
852 498 967 564 habere
987 516 1161 562 sermonem
1183 494 1301 572 dicunt,
1319 514 1384 558 non

92 601 188 686 “ffi-
228 606 334 664 autem
358 621 467 665 omnes
491 622 602 684 capere
623 600 869 689 magnitudinem
891 602 959 686 ejus
984 598 1168 672 intellectus,
1191 596 1244 682 qui
1265 595 1384 661 ibidem

77 692 204 780 ffiiv·
229 700 424 766 continetur:
448 710 481 768 et
505 711 632 789 propter
653 703 714 768 boc
743 703 901 768 silentium
925 702 1094 767 maximam
1119 722 1185 766 rem
1208 721 1278 765 esse
1297 697 1384 783 apud
1427 719 1430 723 ·

67 820 216 835 ·····-
229 802 398 888 sapientes.
428 805 600 890 ’Oportere
614 806 698 870 enim
712 827 782 870 eam
793 827 863 892 quae
878 805 921 870 sit
934 826 1057 870 sursum
1072 803 1178 891 Sigen,
1191 825 1246 890 per
1256 801 1289 865 id
1300 800 1383 886 quod

230 913 279 970 est
303 906 386 990 apud
409 927 463 972 eos
486 905 655 984 silentium,
685 907 860 971 deformari.
916 906 971 971 Sic
998 913 1105 971 autem
1132 906 1249 970 abeunt
1274 923 1383 968 omnes

230 1017 383 1095 quotquot
401 1018 487 1090 sunt,
506 1019 613 1076 tantas
632 1011 671 1076 de
690 1033 753 1075 uno
769 1017 931 1097 gestantes
949 1010 1131 1086 sententias,
1149 1009 1183 1071 in
1199 1004 1383 1071 abscondito

229 1110 364 1177 ferentes
376 1134 483 1177 secum
497 1135 555 1178 suu
568 1113 722 1178 acumina.
769 1113 849 1178 Oum
864 1112 959 1199 igitur
978 1113 1127 1177 intereos
1147 1108 1323 1176 convenerit
1343 1107 1383 1172 de

229 1212 270 1276 iis
284 1235 353 1299 quae
367 1214 399 1277 in
416 1215 583 1302 scripturis
596 1224 671 1282 sunt
684 1215 844 1300 praedicta,
855 1224 932 1280 tunc
945 1222 978 1280 et
992 1235 1012 1279 a
1027 1214 1116 1279 nobis
1130 1213 1383 1279 confutabuntur.

232 1316 305 1381 Nou
323 1316 406 1381 enim
421 1319 500 1384 bene
513 1319 696 1398 sentientes,
710 1318 835 1383 iuterim
851 1326 957 1383 tamen
974 1317 1158 1402 semetipsos
1176 1321 1323 1402 arguunt,
1343 1312 1384 1376 de

230 1417 340 1483 iisdem
366 1420 468 1486 verbis
496 1443 558 1485 nou
583 1422 823 1488 consentientes.
869 1421 937 1486 Nos
961 1429 1067 1485 autern
1095 1441 1192 1484 unum
1220 1426 1253 1483 et
1281 1414 1384 1481 solum

229 1544 335 1587 verum
357 1523 462 1589 Deum
483 1525 641 1590 doctorem
662 1533 838 1612 sequentes,
861 1532 894 1589 st
913 1524 1052 1611 regulam
1070 1522 1211 1589 veritatis
1231 1520 1384 1584 habentes

229 1626 298 1711 ejus
320 1648 488 1707 sermones,
512 1629 551 1694 de
572 1629 683 1694 iisdem
704 1651 826 1714 semper
854 1629 963 1693 eudem
985 1627 1117 1693 dicimus
1142 1644 1259 1701 omnes,
1286 1643 1384 1687 uuum

230 1729 334 1793 Deum
349 1731 493 1808 scientes,
514 1732 664 1797 sectorem
683 1731 777 1817 hujus
796 1732 1015 1808 universitatis,
1035 1730 1089 1817 qui
1103 1728 1271 1815 prophetas
1285 1725 1383 1804 misit,

230 1831 284 1916 qui
298 1832 406 1895 eduxit
420 1832 567 1918 populum
581 1834 621 1900 de
635 1842 718 1899 terra
730 1835 878 1922 AEgypti,
894 1833 947 1921 qui
959 1834 993 1898 in
1004 1832 1178 1900 novissimis
1192 1829 1385 1916 temporibus

232 1931 348 1997 Filium
369 1956 461 1999 suum
482 1936 702 2017 manifestavit,
725 1938 772 2001 uti
793 1936 998 2003 confuuderet
1016 1935 1201 2013 incredulos,
1223 1941 1257 1998 et
1277 1930 1385 2019 exqui-

229 2045 312 2101 reret
322 2036 455 2122 justitiae
469 2039 615 2103 fructum.

679 2257 781 2323 OAP.
805 2256 936 2322 LVIII.

234 2389 395 2467 Osteese'o
427 2391 473 2468 de
504 2394 664 2470 Doueiue‘
692 2395 914 2470 cermouebus
942 2392 1140 2492 coepiteute's
1174 2419 1210 2468 se
1244 2418 1269 2466 u
1303 2390 1385 2465 Deo

307 2509 425 2585 Putre
448 2510 608 2606 missum,
629 2539 654 2587 α
671 2540 741 2613 quo
763 2525 795 2589 et
808 2513 996 2612 propheto
1011 2525 1184 2587 verterenet
1206 2522 1238 2584 et
1254 2522 1386 2609 potres

308 2627 410 2702 electi
426 2642 518 2704 cunt.

234 2774 264 2838 1.
293 2773 396 2855 Quuu
420 2775 504 2839 enim
525 2779 606 2841 ⁸non
617 2776 758 2842 confutat
774 2775 939 2855 Dominus,
955 2797 1054 2860 neque
1069 2775 1110 2840 ab
1123 2774 1221 2839 altero
1235 2773 1324 2839 ⁴Deo
1339 2773 1385 2838 di·
1398 2795 1474 2838 cuce

232 2897 302 2940 cere
316 2878 483 2963 prophetes
497 2879 574 2944 Inisi
589 2880 715 2945 aPatre
727 2882 805 2967 ejus,
821 2902 922 2967 neque
935 2881 976 2945 ab
991 2879 1112 2967 ⁶aliqua
1122 2879 1184 2943 alia
1198 2877 1385 2955 substantia,

233 2979 290 3043 sed
312 2982 353 3044 ab
376 3003 438 3046 uno
455 2989 488 3046 et
506 2983 617 3047 eodem
635 2983 742 3062 Patre,
766 3005 866 3070 neque
885 2982 981 3049 aliurn
1001 2982 1138 3068 aliquem
1161 3003 1199 3046 ea
1222 2987 1387 3067 quaesunt

70 3117 181 3158 mm,
234 3081 267 3144 iu
282 3082 340 3147 hoc
355 3084 472 3150 mundo
487 3084 607 3164 iecisse,
628 3084 689 3149 nisi
708 3107 801 3150 suum
822 3086 960 3164 Patrem,
983 3086 1098 3150 docens
1115 3085 1174 3149 sic:
1198 3085 1296 3148 Homo
1318 3093 1387 3147 erut

66 3166 145 3206 Η
235 3185 362 3270 quidem
370 3187 616 3272 paterfamiliae,
632 3197 660 3253 et
666 3187 828 3272 pleeotoce't
837 3189 968 3266 ciccum,
985 3198 1120 3274 stupens
1132 3187 1334 3251 circundedit
1347 3187 1385 3264 ei,

234 3296 263 3352 et
276 3287 366 3372 seede't
386 3289 422 3353 ies
444 3310 480 3354 eo
494 3291 642 3368 torcular,
658 3299 686 3355 et
700 3290 867 3374 eedejriecce't
881 3291 1005 3367 turrim,
1020 3300 1049 3356 et
1063 3291 1173 3355 occur
1187 3311 1255 3354 eom
1269 3290 1387 3368 celocis,

234 3398 263 3454 et
269 3411 401 3477 peregre
413 3394 571 3478 prosedas
585 3402 637 3459 eet.
684 3394 760 3458 Otene
769 3402 872 3459 eutem
886 3394 1155 3481 appropinquasset
1170 3402 1283 3480 tempus
1293 3395 1386 3479 frue-

235 3505 333 3575 tuum,
355 3496 440 3561 misit
452 3518 552 3561 sercou
564 3519 631 3562 suos
644 3499 690 3563 od
702 3498 824 3577 celoces,
842 3509 878 3563 ut
895 3501 1067 3583 echpereut
1088 3499 1126 3562 de
1139 3497 1297 3583 fructibus
1314 3498 1388 3563 sutis.

235 3599 280 3664 Et
294 3599 391 3664 coloci
403 3601 598 3687 apprehende
610 3603 713 3681 seed,
729 3623 825 3667 unum
838 3603 959 3688 quedem
971 3602 1164 3678 'cecideruut
1175 3601 1273 3666 elium
1288 3611 1389 3666 actem

236 3701 465 3788 bepiduoerunt,
489 3704 586 3768 atium
613 3726 683 3770 cero
707 3706 891 3787 occiderunt.
934 3705 1055 3769 Iterum
1083 3705 1165 3768 misit
1191 3705 1269 3768 aliea
1293 3727 1390 3769 cereos

230 3804 340 3890 plures
353 3804 528 3890 prioribus:
548 3816 577 3871 et
591 3809 738 3892 fleuerunt
754 3807 797 3872 eis
810 3806 962 3871 similiter.
1007 3806 1177 3871 Nouissime
1191 3817 1293 3871 eutem
1307 3808 1390 3871 cedit

236 3908 280 3973 eis
293 3908 400 3990 filium
422 3931 508 3974 setun
531 3909 666 3989 unicum,
687 3909 806 3974 diceto:
829 3909 941 3973 ⁸Ferte
955 3907 1137 3974 verebuntur
1151 3909 1259 3991 filium
1280 3931 1390 3975 cecum

286 4080 296 4112 ¹
315 4081 360 4130 See
371 4095 391 4132 1.
404 4099 428 4143 4,
442 4099 467 4132 n.
481 4101 504 4143 4.
838 4084 945 4132 Ausum
959 4084 1037 4132 astar
1051 4099 1118 4133 more
1136 4085 1254 4148 probabis
1270 4085 1331 4133 than
1347 4086 1391 4134 the

286 4160 298 4192 ¹
314 4163 368 4224 Ora,
380 4163 457 4223 Vaut,
470 4164 565 4226 Voss.;
585 4173 680 4229 weriot,
691 4167 742 4216 AB.
838 4165 918 4214 Voss.
927 4166 1037 4230 reading,
1050 4166 1081 4215 ab
1092 4166 1147 4214 ulio
1157 4173 1177 4214 et
1188 4167 1249 4226 alic,
1264 4183 1280 4215 a
1290 4183 1390 4232 corrup-

285 4242 296 4276 ³
312 4260 361 4292 uon
372 4246 393 4294 is
403 4245 453 4296 icat
463 4246 490 4295 in
505 4248 549 4296 the
566 4248 616 4297 AB.
632 4248 690 4299 Mu.
703 4249 729 4298 in
745 4250 787 4298 the
838 4246 891 4296 tion
904 4247 933 4296 of
941 4249 984 4296 the
995 4248 1096 4297 Cauni.
1109 4247 1230 4297 deiectius
1245 4249 1348 4313 reading
1362 4250 1392 4299 ud

236 4327 384 4389 sucoeeding
394 4327 503 4391 syllable.
529 4328 710 4392 Ib.cenfitetue·.
838 4328 899 4378 elic.

286 4405 297 4436 ⁴
315 4406 372 4466 Deo,
387 4408 450 4469 Aa,
462 4409 566 4458 omitted
581 4411 690 4472 cusum,
705 4411 786 4462 Voss.
887 4409 899 4443 ⁷
914 4410 1049 4460 eciderunt
1094 4410 1393 4474 {epidamno-occide·

285 4486 296 4517 ⁵
315 4487 366 4535 For
377 4489 426 4537 uisi
438 4490 483 4539 Cu.
495 4491 566 4540 reads
577 4491 669 4542 muros.
838 4499 904 4553 runt,
918 4494 962 4541 the
973 4492 1073 4541 natural
1083 4493 1155 4542 order
1166 4495 1195 4543 os
1203 4495 1246 4544 the
1258 4495 1354 4559 Syriae.

285 4564 400 4630 ‘eliqua
426 4568 487 4628 utic,
516 4571 625 4635 adopted
652 4572 717 4621 from
744 4573 788 4622 the
889 4573 900 4605 ⁸
911 4574 987 4637 forte.
1024 4574 1079 4639 Syr.
1104 4569 1180 4630 tm
