3000 4994
260 327 327 392 352
515 342 636 395 aurun
662 342 881 395 rrrnurnrro
908 341 1155 395 suasrnnnrm

103 500 536 599 1*maledic'rreurprcrrco'psvor,
557 499 634 570 ἀλλ’
660 502 760 570 ἐκεῖνο
785 498 828 572 τὸ
853 497 1032 578 ἀπολωλὸς
1057 501 1238 600 πρόβατον
1265 501 1365 582 ἦλθεν
1396 501 1416 570 d

104 606 234 692 ffil'g'll',
262 612 386 711 Κύριος
405 611 583 713 ἀναζητῶν.
636 612 685 684 Τι’
707 611 761 683 οὖν
785 614 821 696 ἢν
845 612 888 685 τὸ
909 614 1139 695 ἆποθνῆσιιον;
1168 610 1300 690 πάντως
1319 616 1337 695 ἦ
1356 620 1416 693 τῆς

97 700 247 787 -Ἢ-
263 724 387 824 σαρκός
405 728 601 809 ὑπόστασις,
627 725 681 796 καὶ
709 726 997 813 ἧῐᾶποβαλοΰσα
1026 726 1085 808 τὴν
1112 727 1212 808 πνοὴν
1240 731 1299 808 τῆς
1326 724 1415 826 ζωῆς,

263 838 316 909 καὶ
341 837 462 916 ἄπνους
479 838 533 909 καὶ
559 836 653 937 νεκρὰ
674 838 840 930 γενομένη.
893 837 1028 920 Ταθτην
1058 836 1111 908 οὖν
1140 842 1158 909 ὁ
1188 837 1310 937 Κύριος
1334 839 1417 920 ἦλθε

265 949 444 1051 ζωοποιῶν·
487 952 540 1022 ἵνα
569 954 609 1027 ὡς
642 952 676 1020 ε’ν
707 953 757 1040 τῷ
785 947 900 1034 Ἀδὰμ
929 948 1050 1027 πάντες
1079 951 1338 1036 ἀποθνήσκομεν,
1360 951 1415 1021 ὅτι

265 1063 417 1161 ψυχικοὶ,
437 1065 470 1133 ἐν
487 1071 536 1155 τῷ
552 1063 701 1162 Χριστῷ
723 1062 878 1164 ζήσωμεν,
900 1064 953 1135 ὅτι
975 1065 1198 1149 πνευματικοὶ,
1216 1064 1415 1147 ἀποθέμενοι
1431 1095 1460 1135 ιι.
1487 1105 1490 1126 ι

266 1176 302 1246 οὗ
330 1175 373 1248 τὸ
399 1173 543 1259 πλάσμα
577 1181 641 1248 τοῦ
669 1176 763 1260 Θεοῦ,
790 1173 881 1246 ἆλλᾶ
910 1173 972 1252 τὰς
997 1177 1169 1261 ἐπιθυμίας
1197 1185 1255 1260 τῆς
1284 1173 1416 1275 σαρκὸς,

264 1290 318 1360 καὶ
336 1291 597 1389 προσλαβόντες
615 1286 660 1361 τὸ
680 1287 819 1384 Πνεῦμα
837 1287 881 1360 τὸ
900 1287 1008 1380 ἅγιον.

263 1498 319 1562 sed
345 1495 430 1561 illam
451 1496 569 1583 ²ipsam
591 1517 662 1584 quse
684 1494 818 1581 perierat
837 1517 927 1561 ovem
948 1497 1050 1562 ²venit
1072 1497 1227 1563 Dominus
1241 1496 1417 1582 exquirens.

265 1600 348 1682 Quid
362 1621 438 1688 ergo
452 1607 520 1666 erat
534 1600 616 1687 quod
632 1599 841 1665 moriebatur!
884 1597 1007 1687 Utique
1025 1601 1127 1664 carnis
1146 1601 1332 1678 substantia,
1347 1621 1418 1687 quae

263 1703 410 1768 amiserat
419 1703 558 1768 afflatum
568 1703 651 1781 vitae,
664 1709 696 1767 et
708 1703 776 1767 sine
790 1702 980 1788 spiramento
995 1707 1044 1768 ³et
1057 1710 1179 1768 mortua
1194 1703 1286 1768 iacta.
1324 1702 1419 1769 Hanc

264 1804 369 1890 itaque
391 1805 547 1870 Dominus
567 1805 652 1869 venit
673 1804 891 1884 vivificatums,
914 1805 960 1870 uti
981 1806 1240 1892 quemadmodum
1260 1805 1291 1869 in
1313 1806 1418 1870 Adam

263 1929 373 1973 omnes
386 1906 545 1984 morimur,
561 1906 707 1992 quoniam
721 1907 880 1984 animales,
904 1908 937 1972 in
951 1909 1095 1974 ³Ohristo
1108 1909 1256 1986 vivamus,
1273 1908 1418 1996 quoniam

264 2010 434 2096 spiritales:
459 2010 649 2096 deponentes
663 2031 726 2075 non
741 2009 860 2096 plasma
875 2011 946 2090 Dei,
962 2013 1018 2077 sed
1029 2012 1295 2097 concupiscentias
1306 2011 1418 2088 carnis,

264 2123 296 2179 et
311 2122 507 2179 assumentes
522 2113 674 2198 Spiritum
688 2121 842 2191 sanctum,
862 2114 944 2179 siout
960 2115 1133 2200 Apostolus
1150 2116 1183 2180 in
1197 2115 1328 2201 epistola
1348 2136 1419 2200 quae

265 2228 314 2285 est
332 2220 372 2284 ad
393 2217 593 2283 Colossenses
607 2216 665 2281 ait:
690 2218 877 2302 Mortificate
891 2220 994 2304 ltaque
1008 2218 1140 2283 membro
1155 2229 1255 2284 oestro
1269 2241 1338 2305 qooe
1351 2228 1420 2283 suat

264 2347 356 2411 super
382 2332 506 2388 terram.
553 2322 631 2403 Quae
651 2329 725 2385 sunt
750 2330 856 2386 autem
879 2323 957 2398 haec,
986 2322 1052 2408 ipse
1078 2322 1235 2409 exposuit:
1267 2322 1418 2387 Fornica-

264 2431 386 2506 νιόηοιιι,
406 2425 645 2503 immunditiam,
658 2425 840 2512 passionem
862 2427 1130 2511 omwopiscentiom
1148 2425 1273 2504 mmm,
1286 2435 1325 2490 'ot
1345 2447 1420 2489 αοα-

265 2534 383 2609 ro'tiom,
393 2552 461 2618 qaoe
475 2538 516 2593 est
530 2528 718 2594 rotonam.
760 2528 884 2592 Horum
897 2528 1139 2614 ⁴depositionem
1154 2527 1327 2612 Apostolus
1341 2551 1419 2614 prar-

265 2643 404 2712 conatur,
427 2640 461 2697 et
480 2654 534 2697 eos
554 2631 607 2718 qui
627 2630 703 2696 talia
722 2636 918 2716 ⁵0perantur,
938 2630 1022 2696 velut
1037 2652 1161 2696 carnem
1184 2639 1217 2695 et
1236 2631 1420 2718 sanguinem

264 2746 388 2802 tantum
413 2735 611 2812 exsistentes,
640 2755 703 2798 non
729 2756 820 2821 posse
848 2734 893 2799 ait
919 2757 1050 2822 regnum
1076 2735 1224 2799 coelomm
1249 2735 1418 2821 possidere.

265 2838 385 2903 Anima
407 2838 491 2902 enim
514 2837 652 2921 ipsorum
677 2834 835 2901 declinans
857 2836 891 2901 in
914 2839 1013 2923 pejus,
1036 2844 1069 2901 et
1091 2836 1124 2900 in
1146 2844 1285 2903 terrenas
1307 2859 1420 2902 concu-

265 2941 434 3029 piscentias
448 2940 648 3017 descendens,
672 2940 812 3026 ejusdem
827 2940 916 3026 cujus
934 2948 967 3005 et
985 2939 1038 3004 illa
1061 2948 1135 3005 sunt
1154 2939 1348 3027 participavit
1365 2962 1420 3027 ap

265 3044 455 3133 pellationis:
485 3065 554 3127 quse
578 3042 732 3128 deponere
755 3065 813 3108 uos
831 3044 956 3129 jubens,
977 3044 1023 3109 ait
1047 3066 1152 3108 rursus
1173 3044 1205 3109 in
1224 3045 1333 3109 eadem
1356 3045 1421 3131 epi·

265 3135 359 3211 stola:
383 3146 596 3231 despoliantes
610 3167 660 3210 ooo
674 3155 802 3210 οιιενοοι
815 3146 962 3211 bominem
977 3169 1045 3211 oum
1060 3146 1216 3233 leporibus
1230 3148 1303 3233 ejus.
1345 3147 1420 3213 Hoc
1434 3165 1489 3204 σοι

265 3258 372 3315 autem
402 3250 536 3328 dicebat,
567 3271 629 3314 non
657 3257 793 3315 veterem
822 3273 970 3316 amovens
998 3249 1248 3338 plasmationem:
1283 3249 1421 3337 alioquin

266 3353 429 3438 oportebat
448 3351 656 3438 nosmetipsos
676 3351 898 3418 interficientes
918 3353 1054 3441 separari
1074 3354 1116 3418 ab
1135 3375 1173 3420 ea
1188 3375 1258 3439 quae
1280 3362 1329 3419 est
1347 3353 1420 3419 istic

266 3455 510 3523 conversatione.

331 3564 363 3627 4.
405 3559 467 3625 Sed
482 3566 515 3624 et
530 3558 596 3645 ipse
605 3558 788 3645 Apostolus,
804 3558 854 3624 ille
868 3559 1022 3624 exsistens
1033 3559 1086 3647 qui
1100 3559 1133 3624 in
1148 3559 1236 3624 vulva
1250 3559 1422 3646 plasmatus

265 3674 344 3744 erat,
373 3672 406 3730 et
432 3664 472 3730 de
498 3671 586 3728 utero
609 3663 739 3739 exierat,
764 3663 920 3729 scribebat
946 3663 1046 3742 uobis,
1072 3665 1119 3729 ⁷et
1144 3666 1245 3729 nivere
1272 3665 1306 3728 ιἰι
1329 3686 1422 3729 comte

98 3791 149 3841 cm.
157 3790 171 3829 ι.
179 3793 209 3831 sc.
256 3773 384 3856 fractus
394 3771 511 3857 8ομνια
521 3768 652 3855 epistola
661 3767 821 3832 consessus
832 3775 890 3844 est,
901 3766 950 3829 ⁸in
959 3788 997 3830 ea
1008 3789 1077 3852 quae
1089 3776 1137 3833 est
1145 3767 1185 3832 ad
1194 3766 1421 3853 Philippenses,

315 3977 323 4009 ¹
343 3979 504 4040 ἀποβαλοῦσα
523 3976 552 4025 of
570 3976 694 4040 necessity
710 3974 819 4040 replaces
867 3974 975 4022 Aaurtn.
989 3981 1168 4035 procuramur.
1204 3973 1292 4022 Mune.
1310 3985 1341 4024 11.
1356 3989 1422 4036 paa-

265 4060 309 4109 the
320 4060 361 4108 old
373 4063 474 4123 corrupt
484 4058 596 4121 reading,
610 4059 779 4120 ἀπολαβοῦσα.
868 4061 975 4104 conatur.
1010 4054 1114 4115 Galsa,
1124 4061 1272 4118 perpetrant.

313 4140 325 4172 ¹
337 4141 425 4203 ipsam,
438 4139 547 4188 inserted
555 4155 582 4187 as
589 4139 615 4187 in
623 4137 817 4199 (lusu.,V0s8.
917 4135 928 4168 ⁶
944 4138 996 4187 AB.
1010 4154 1038 4186 as
1049 4138 1135 4186 νοω.
1148 4137 1245 4186 actibus.

264 4223 356 4274 invenit
367 4221 442 4271 MSS.
917 4218 927 4251 ⁷
944 4220 979 4268 N.
987 4221 1016 4269 T.
1030 4222 1051 4268 el
1064 4222 1090 4268 δὲ
1105 4221 1135 4269 τὸ
1152 4222 1194 4280 ζῆν
1210 4222 1235 4270 ἐν
1251 4220 1331 4282 σαρκὶ,
1350 4219 1423 4268 τοῦτο

313 4304 324 4336 ³
340 4306 391 4354 AB.
400 4304 430 4353 de
440 4309 539 4363 ηιονίιιο,
553 4303 602 4352 and
613 4301 707 4362 spirito,
721 4300 738 4349 i.
747 4317 767 4350 s.
780 4300 819 4349 for
867 4319 908 4360 μοι
920 4303 1010 4363 καρπὸς
1022 4302 1101 4363 ἔργον.

264 4385 518 4447 Χμο,παιιτοαάεριι.
543 4383 816 4444 Cn.,Voss.0bristum.
917 4382 999 4442 lca,
1009 4384 1090 4432 Voss.
1103 4382 1180 4444 operis
1192 4391 1231 4443 cst,
1254 4383 1349 4432 Gaas}
1367 4399 1421 4432 esse.

313 4467 324 4498 ⁴
340 4469 391 4516 Aa.
404 4467 583 4529 dimunitionem.
868 4467 929 4525 Aa,
939 4465 971 4514 G.
984 4465 1013 4514 T.
1026 4465 1075 4513 aud
1091 4465 1147 4529 Syr.
1163 4466 1225 4514 omit
1238 4466 1259 4514 it
1274 4465 1421 4529 altogether.

313 4547 479 4610 ‘operantum
499 4548 610 4608 Coras,
629 4548 720 4607 Voss,
739 4547 814 4604 Vim,
866 4546 895 4595 tn
919 4562 955 4606 co,
984 4546 1094 4607 Cornu,
1119 4549 1237 4606 Ammo„
1255 4546 1345 4606 Voss,
1376 4547 1425 4595 but
