3000 4994
185 342 253 409 484
656 357 686 411 s.
715 357 865 410 1auum1

186 521 406 618 αὖτονργικῶς
431 518 536 606 ἕαντῷ
562 515 750 610 τὸνλόγον
771 517 826 588 καί
848 517 908 600 τὴν
931 513 1093 616 διάκρισιν
1114 514 1170 587 καί
1190 514 1255 598 τὴν
1274 514 1350 585 σόν·

187 662 256 702 ισιν
283 631 337 701 καὶ
368 630 545 728 ἀπόκρισιν
569 634 635 701 τῶν
665 627 729 700 ὑπό
758 637 816 712 τῆς
845 627 996 723 γυναικός
1020 628 1214 722 λεγομένων
1231 628 1351 725 ’ἐχρό-

188 774 286 827 σατο,
305 741 369 840 όίρα
398 739 451 812 οὖν
474 743 527 812 καὶ
551 745 617 819 πᾶς
642 743 721 841 όφις
748 747 855 814 τοῦτο
884 752 993 815 ποιεῖν
1014 743 1052 814 οὗ
1075 743 1260 813 κεκῶλικτο.
1301 738 1351 809 Ei

189 854 224 927 di
244 852 348 926 πόλιν
368 859 515 953 φήσουσι
534 853 620 926 κατὰ
648 856 738 925 θείαν
766 855 893 942 βουλὴν
923 856 977 926 καί
1005 855 1194 939 οἰκονομίαν
1224 853 1351 951 ἀνθρω-

189 968 264 1062 πίνῃ
306 973 398 1066 φωνῇ
433 969 478 1060 τῇ
515 966 589 1060 Erip
626 972 749 1039 τοῦτον
793 968 1116 1066 προσφθόγγεσθαι,
1153 964 1219 1037 τόν
1263 962 1351 1034 θεόν

189 1085 310 1152 ίστῶσι
334 1087 392 1163 τῆς
416 1080 582 1177 ἁμαρτίας
603 1080 721 1150 α’ίτιον.
767 1079 871 1150 Ἀλλ’
896 1078 969 1150 odil
990 1088 1040 1169 τῷ
1062 1086 1198 1176 τονηρῷ
1218 1076 1349 1162 δαίμονι

189 1191 264 1287 ἐξόν
289 1193 324 1264 ἐκ
343 1197 407 1265 τοῦ
426 1192 471 1276 μὴ
498 1193 592 1269 ὄντος
614 1194 657 1268 είς
679 1190 722 1264 τό
746 1189 824 1263 εἶναι
844 1193 963 1284 ἀλόγῳ
988 1194 1086 1291 φύσει
1114 1192 1227 1283 λόγον
1251 1191 1352 1288 χαρί-

190 1310 332 1377 σασθαι·
359 1305 429 1375 ε’πεὶ
458 1306 512 1376 otia
537 1302 577 1375 όν
601 1305 775 1375 ἕπαόσατό
797 1335 884 1377 ποτε
908 1303 992 1405 πρός
1016 1301 1150 1386 ἀπάτην
1176 1301 1220 1373 δι’
1238 1305 1351 1402 ὄφεων

189 1419 243 1490 καί
276 1419 393 1517 θηρίων
420 1418 475 1488 καί
516 1422 671 1489 πετεινῶν
701 1427 772 1494 τοῖς
803 1418 987 1515 ἀνθρώποις
1024 1415 1264 1508 διαλεγόμενος
1296 1415 1350 1486 καί

191 1536 334 1602 πλανῶν.
382 1529 497 1601 Πόθεν
527 1527 562 1599 dd
587 1530 640 1600 xci
671 1530 783 1627 θηρίον
808 1526 861 1612 civ,
893 1536 1011 1612 ἤκουσε
1038 1537 1096 1613 τῆς
1122 1530 1263 1610 ἐντολῆς
1293 1535 1352 1610 τῆς

190 1642 255 1715 ὑπό
285 1643 372 1714 θεοῦ
398 1645 448 1732 τῳ
476 1643 646 1742 ἀνθρώπῳ,
673 1641 727 1712 καὶ
758 1642 856 1732 μόνῳ,
891 1646 1055 1719 μυστικῶς
1084 1639 1247 1725 δοθείσης,
1277 1638 1351 1725 μηδ’

192 1757 289 1838 αὐτῆς
313 1763 371 1837 τῆς
397 1753 547 1846 γυναικός
576 1759 680 1827 τοῦτο
704 1755 889 1837 μαθοόσης;
920 1753 987 1825 Διά
1011 1755 1047 1826 τί
1067 1755 1111 1838 μὴ
1138 1756 1280 1837 μᾶλλον
1303 1756 1353 1842 τῷ

192 1868 362 1966 ἀνθρώπῳ,
386 1867 439 1937 καὶ
466 1868 502 1936 ori
523 1870 567 1960 τῇ
587 1867 713 1957 γυναικί
735 1868 956 1964 προσίβαλε;
986 1865 1083 1937 3Κόν
1112 1866 1158 1948 μὴ
1181 1866 1285 1960 ε’ίπρς,
1313 1869 1353 1941 ὦς

192 1979 434 2076 ἀσθενεστέρας
457 1981 578 2060 ταύτης
603 1977 805 2077 κοτέόραμε·
832 1980 1026 2051 τοιίναντίον
1054 1977 1283 2076 ἀνδρειοτέρα
1313 1981 1353 2053 ὡς

192 2088 319 2177 βοηθός
347 2095 410 2162 τοῦ
434 2090 608 2188 ἀνθρώπου
631 2087 737 2189 ε’φοίνη
764 2093 796 2161 ἐν
822 2095 864 2185 τῇ
891 2089 1087 2191 παραβόσει
1113 2098 1173 2173 τῆς
1203 2092 1353 2173 ἐντολῆς.

193 2201 291 2284 Atra
314 2199 383 2299 ’γὰρ
407 2202 460 2272 καί
485 2202 630 2301 ἀνταίρει
654 2204 737 2287 μόνη
759 2207 810 2293 τῷ
836 2205 923 2303 ὄφει,
950 2204 1005 2274 καί
1034 2200 1121 2288 μετιί
1147 2234 1240 2279 τινος
1265 2201 1355 2274 στό-

193 2346 273 2391 σεως
291 2314 344 2384 καί
369 2315 570 2415 φιλονεικίας
593 2321 961 2414 κατατανουργηθεῑσα,
987 2322 1051 2388 τοῦ
1074 2315 1177 2410 ξόλου
1202 2316 1353 2414 ἔφαγεν·

190 2542 355 2630 praeditum
377 2541 536 2606 dicamus?
580 2541 615 2606 Si
638 2540 764 2626 quidem
784 2561 805 2605 a
825 2561 860 2605 se
881 2541 949 2625 ipso
975 2540 1038 2605 vim
1060 2540 1170 2605 habuit
1192 2541 1354 2627 loquendi,

190 2644 397 2723 discernendi,
413 2643 603 2730 intelligendi
619 2651 653 2707 ct
667 2642 871 2728 respondendi
886 2642 925 2706 iis
941 2665 1011 2727 quae
1025 2665 1046 2708 a
1059 2643 1188 2709 muliere
1204 2644 1355 2711 dicebau-

190 2755 259 2812 tur:
283 2747 360 2810 nihil
375 2768 450 2832 ergo
465 2746 683 2832 prohibuisset,
700 2745 865 2829 quominus
882 2766 1010 2829 serpens
1025 2744 1156 2830 quilibet
1170 2746 1233 2812 hoc
1249 2748 1354 2833 ipsum

190 2858 309 2936 ageret.
356 2849 392 2916 Si
416 2858 522 2914 autem
544 2847 768 2933 responderint,
794 2847 855 2911 Dei
878 2846 1037 2913 voluntate
1060 2858 1093 2913 et
1117 2849 1355 2934 dispensatione

191 2953 274 3017 hunc
297 2952 433 3016 humana
456 2973 531 3016 voce
559 2951 659 3015 Evam
684 2950 778 3014 luisse
801 2947 986 3014 allocutum:
1010 2951 1078 3035 jam
1105 2951 1211 3015 Deum
1235 2954 1354 3018 consti-

191 3064 285 3120 tuunt
303 3064 460 3120 auctorem
477 3054 605 3140 peccati.
653 3053 715 3117 Sed
730 3075 830 3139 neque
851 3052 995 3138 possibile
1013 3063 1081 3118 erat
1100 3054 1183 3119 malo
1204 3056 1353 3135 daemoni,

192 3157 221 3221 ei
244 3156 397 3240 loquelam
424 3157 583 3241 impertiri,
607 3156 659 3241 qui
682 3164 794 3220 natura
816 3165 921 3219 mutus
938 3165 1017 3233 erat,
1042 3166 1078 3222 ut
1104 3156 1135 3221 id
1159 3167 1246 3223 esset
1270 3160 1354 3244 quod

192 3266 287 3321 antea
307 3278 368 3320 non
388 3267 472 3320 erat:
496 3256 610 3340 alioqui
632 3277 693 3319 non
714 3257 867 3334 desiisset,
887 3267 922 3321 ut
939 3256 1082 3323 homines
1102 3260 1134 3322 in
1152 3281 1291 3324 errorem
1309 3262 1353 3325 in-

193 3362 329 3437 duceret,
350 3381 444 3444 opera
462 3369 641 3445 serpentum
660 3368 693 3424 et
708 3360 843 3424 serarum
860 3368 892 3424 et
910 3359 1068 3425 volucrum
1088 3384 1160 3427 cum
1175 3362 1217 3428 iis
1236 3364 1355 3429 habers

192 3484 376 3539 sermonem,
397 3483 511 3546 eosque
530 3461 790 3527 circumscribere.
837 3461 931 3527 Unde
950 3484 1022 3527 vero
1037 3464 1090 3550 qui
1111 3464 1177 3528 scra
1194 3475 1277 3545 erat,
1298 3489 1353 3532 au·

193 3565 270 3632 divit
284 3573 473 3652 praeceptum
488 3564 616 3642 homini,
631 3564 721 3652 eique
736 3565 793 3629 soli
813 3574 934 3629 secreto
949 3565 1068 3643 datum,
1085 3587 1124 3630 ne
1138 3565 1209 3652 ipsa
1224 3569 1353 3653 quidem

193 3671 319 3736 conscia
340 3669 486 3734 muliere?
522 3667 586 3733 Gur
607 3689 669 3731 non
687 3668 843 3732 hominem
865 3668 968 3753 potius
989 3679 1235 3754 aggressusest,
1256 3694 1353 3760 quam

194 3773 372 3838 mulierem?
405 3773 438 3837 Si
454 3771 571 3837 dixeris
586 3770 672 3847 mihi,
684 3771 765 3836 hanc
776 3779 924 3857 tanquam
940 3771 1172 3836 imbecilliorem
1187 3796 1352 3863 oppugna·

194 3885 277 3942 tam:
302 3876 376 3961 quin
399 3874 494 3939 immo
516 3873 633 3952 sortior,
656 3882 764 3959 utpote
785 3872 962 3937 auxiliatrix
986 3872 1130 3951 hominis,
1152 3879 1303 3961 apparuit
1320 3880 1352 3944 iu

193 3977 439 4064 transgressione
459 3974 614 4062 praecepti.
655 3974 736 4039 Haec
753 3974 836 4038 enim
850 3974 917 4038 sola
932 3973 1047 4038 restitit
1064 3977 1218 4061 serpenti,
1243 3987 1278 4044 et
1298 3982 1352 4046 ubi

193 4079 382 4166 aliquamdiu
403 4078 579 4156 restitisset,
602 4062 882 4162 contendissetque,
905 4077 976 4142 dolo
998 4078 1208 4144 circumventa
1230 4104 1249 4146 e
1273 4083 1353 4171 ligni

194 4309 252 4358 that
273 4309 316 4358 tha
335 4307 422 4357 rcador
441 4308 491 4357 will
509 4308 566 4356 look
589 4308 614 4356 in
634 4309 691 4356 vain
708 4309 749 4357 for
839 4305 1350 4370 ’ἐχρήσατο,]ὀήαιιεέχαρίσατο.ΜΔεε.

195 4409 245 4457 any
257 4399 418 4457 countcrpart
429 4398 456 4441 to
468 4393 519 4441 this
530 4392 656 4456 fragment
666 4391 692 4439 in
705 4391 748 4440 tho
795 4389 937 4450 ἐχωρήσατο
948 4387 969 4435 is
980 4386 1123 4450 preferable.
1182 4442 1185 4451 Ι

195 4473 366 4521 observations
384 4473 412 4520 ol
427 4471 598 4520 Htrrotruus
617 4486 685 4535 upon
706 4471 748 4519 the
843 4467 854 4499 ⁸
871 4467 925 4529 ῐιῳι,
940 4470 984 4515 κᾶν
994 4484 1041 4526 μοι.
1060 4467 1147 4516 Mass.
1168 4468 1212 4518 κόν
1224 4472 1255 4530 δὴ
1267 4473 1352 4523 would

196 4552 571 4618 Ophiteoerseuasectcf
585 4551 746 4602 Gnosticism.
794 4550 885 4599 belen
896 4549 979 4597 barch.
1003 4547 1040 4596 cf.
1053 4563 1077 4611 p.
1093 4548 1148 4609 381.
