3000 4994
244 348 312 419 370
494 364 676 419 csarsrus
702 364 871 419 asceam
898 365 1145 418 anrrrmauno

112 539 165 627 133¹
178 540 205 626 p
245 521 339 609 igitur
360 522 500 588 Verbum
515 523 584 608 ejus
597 523 639 587 ad
657 523 814 588 hominem
834 524 927 588 dicit:
953 525 1162 589 Remittentur
1181 522 1238 588 te’de’
1250 531 1399 609 peceato;

90 612 232 719 ‘dudelli‘
246 626 329 691 idem
343 625 403 704 ille,
420 627 453 690 in
468 649 560 713 quem
581 648 817 713 peccaveramus
837 626 886 690 ¹in
907 627 1005 703 initio,
1028 626 1240 691 remissionem
1259 634 1401 711 peccato·

117 725 169 765 ”st
180 726 196 764 ¹·
247 751 317 793 rum
338 729 370 793 in
391 730 454 794 fine
475 730 602 794 donans.
640 728 709 793 Aut
730 729 772 794 ²si
794 729 920 794 alterius
943 730 1070 815 quidem·
1088 728 1272 815 transgressi
1294 749 1403 792 sumus

84 836 238 923 2¹33·„{¹4g·⁰¹
249 843 447 918 praeceptum,
466 832 545 898 alius
566 838 688 898 2autem
704 842 771 898 erat
789 833 842 921 qui
863 834 952 912 dixit,
978 835 1189 899 Remittentur
1203 834 1260 898 tibi
1273 842 1403 920 peceato

249 944 313 1013 tue,
329 957 429 1022 neque
443 937 552 1014 bonus,
569 959 668 1023 neque
681 959 784 1013 verax,
801 959 900 1022 neque
911 937 1016 1022 justus
1031 946 1080 1001 est
1093 938 1282 1024 hujusmodi.
1320 938 1404 1018 Quo·

248 1039 341 1103 modo
358 1040 440 1104 enim
456 1040 565 1118 bonus,
587 1040 720 1126 quinon
741 1061 780 1104 ex
795 1040 860 1103 suis
880 1039 995 1104 donat!
1029 1041 1097 1109 Aut
1117 1040 1271 1125 quomodo
1287 1040 1402 1125 justus,

248 1141 301 1228 qui
316 1142 416 1207 aliena
430 1144 531 1229 rapit!
576 1143 739 1225 Quomodo
752 1151 858 1207 autem
872 1164 943 1207 vere
957 1143 1087 1206 remissa
1101 1153 1174 1208 sunt
1189 1152 1327 1229 peccata,
1344 1141 1403 1207 nisi

249 1243 300 1310 ille
320 1245 386 1330 ipse
404 1244 437 1308 in
449 1268 540 1329 quem
556 1244 753 1330 peccavimus
768 1244 892 1308 donavit
905 1244 1125 1319 remissionem,
1137 1246 1331 1329 perviscera
1345 1246 1404 1309 me'·

248 1349 423 1412 sericordioe
438 1348 501 1413 Dei
516 1349 636 1425 ³aestrd,
658 1350 692 1412 in
707 1347 814 1433 quidus
829 1348 967 1412 visitarit
982 1369 1102 1432 uesper
1118 1347 1233 1411 Filium
1248 1350 1360 1414 suuml

315 1454 346 1516 2.
391 1452 586 1537 Quapropter
600 1459 632 1515 et
647 1459 754 1514 curato
774 1449 962 1535 paralytico:
994 1449 1143 1524 Videates,
1165 1449 1275 1536 inquit,
1289 1451 1404 1537 populi

248 1552 496 1634 ederafieecemtat
509 1552 620 1630 Deam,
636 1553 691 1639 qui
705 1552 789 1616 dedit
797 1561 975 1637 potestatem
990 1550 1081 1615 telem
1095 1551 1271 1617 bertoaldus.
1302 1553 1404 1634 Quem

248 1657 344 1743 igitur
363 1657 467 1721 Deum
487 1656 731 1720 clarificaverunt
751 1656 988 1721 circumstantes
1010 1655 1135 1741 populi?
1170 1655 1403 1742 Numquidnam

248 1762 288 1825 ab
308 1759 463 1825 lraereticis
485 1759 653 1837 inventum,
677 1759 868 1845 incognitum
895 1758 1045 1823 Patrem?
1087 1759 1132 1823 Et
1155 1760 1309 1845 quomodo
1331 1783 1403 1825 eum

249 1864 302 1949 qui
322 1863 371 1927 ⁴in
391 1871 492 1928 totum
513 1885 574 1926 non
590 1863 835 1950 cognoscebatur
852 1862 893 1926 ab
915 1862 959 1926 eis
979 1860 1215 1948 glorificabant?
1253 1863 1403 1928 Manifes-

248 1975 317 2031 tum
338 1974 387 2030 est
407 1988 491 2052 ergo,
512 1967 658 2052 quoniam
677 1987 760 2043 eum,
783 1966 835 2051 qui
857 1986 877 2029 a
898 1965 967 2051 lege
989 1974 1021 2030 et
1038 1965 1197 2050 prophetis
1216 1966 1402 2050 praedicatus
1416 1984 1446 2023 u.
1455 1986 1496 2024 ³1⁴.

248 2077 298 2133 est
317 2069 410 2145 Deus,
425 2067 640 2156 glorificabant
659 2067 818 2143 Israelita,
837 2067 890 2152 qui
905 2077 937 2131 et
952 2074 1000 2132 est
1020 2068 1116 2130 Pater
1136 2067 1265 2160 Domini
1283 2068 1399 2133 nostri:

248 2180 282 2237 et
296 2180 421 2259 propter
435 2172 494 2237 boc
513 2171 645 2236 docebat
659 2170 799 2235 homines
818 2171 868 2233 ⁵in
882 2192 975 2234 sensu
994 2191 1051 2256 per
1067 2191 1106 2234 ea
1122 2169 1212 2257 signa
1226 2192 1295 2256 quae
1310 2171 1402 2238 facie-

248 2276 313 2353 bat,
336 2276 409 2341 dare
430 2274 560 2362 gloriam
582 2274 661 2339 Deo.
709 2274 742 2338 Si
764 2281 869 2339 autem
890 2275 931 2338 ab
952 2273 1049 2338 altero
1071 2273 1195 2360 quidem
1218 2274 1314 2340 Patre
1337 2275 1404 2362 ipse

249 2380 393 2457 venisset,
418 2379 550 2444 altemm
573 2386 677 2443 autem
706 2378 831 2443 Patrem
859 2377 1073 2464 glorificabant
1096 2378 1237 2444 homines
1263 2380 1403 2446 videntes
1417 2409 1488 2449 oasa

249 2485 317 2570 ejus
336 2482 475 2560 virtutes,
491 2482 630 2570 ingratos
648 2502 702 2546 eos
716 2480 748 2544 in
763 2502 835 2546 eum
851 2480 979 2545 Patrem
995 2481 1046 2564 qui
1069 2481 1197 2546 miserat
1212 2483 1403 2547 curationem

248 2586 409 2652 efficiebat.
453 2583 695 2671 6Sedquoniam
715 2585 822 2661 abeo,
842 2583 894 2668 qui
915 2592 963 2648 est
984 2584 1081 2662 Deus,
1104 2584 1282 2671 unigenitus
1304 2586 1403 2650 Filius

248 2699 375 2755 venerat
388 2691 428 2754 ad
445 2689 577 2753 salutem
597 2687 768 2764 bominum,
789 2695 822 2751 et
839 2686 1012 2753 incredulos
1029 2709 1084 2772 per
1102 2709 1156 2752 eas
1173 2710 1251 2772 quas
1269 2688 1404 2753 faciebat

249 2792 379 2857 virtutes
398 2792 584 2878 provocabat
603 2791 676 2855 dare
695 2790 826 2877 gloriam
847 2790 953 2856 Patri:
978 2799 1011 2856 et
1029 2813 1091 2855 non
1111 2780 1329 2877 recipientibus
1349 2793 1402 2856 ad-

250 2904 377 2961 ventum
402 2895 476 2959 Filii
501 2895 579 2980 ejus,
603 2903 636 2959 et
661 2903 787 2980 propter
810 2895 869 2960 boc
899 2916 963 2958 non
991 2895 1186 2960 credentibus
1208 2917 1277 2979 quae
1301 2897 1340 2960 ab
1365 2918 1402 2961 eo

89 3019 214 3061 uacua
250 2999 362 3063 ⁷fiebat
382 2996 564 3073 remissioni,
585 2996 753 3061 Pharisaeis
767 2996 905 3062 dicebat:
937 2998 979 3063 Ut
996 2999 1101 3062 sciatis
1119 3001 1261 3084 quereiam
1271 3008 1404 3083 poteste-

250 3112 309 3167 tem
325 3100 413 3166 ledet
426 3101 531 3165 Filius
550 3099 693 3164 Hominis
714 3102 866 3165 remittere
880 3111 1030 3186 peccota‚·
1054 3108 1087 3165 et
1101 3102 1160 3165 boc
1177 3124 1249 3166 cum
1263 3102 1402 3182 dixisset,

246 3204 341 3292 jussit
356 3203 557 3290 paralyticum
571 3202 727 3267 hominem
739 3202 846 3267 tollere
859 3204 1045 3288 grabbatum
1056 3225 1149 3290 super
1162 3227 1253 3290 quem
1265 3206 1401 3289 jacebat,

250 3314 284 3370 et
297 3306 343 3370 ire
357 3305 390 3368 in
405 3306 531 3369 domum
545 3326 651 3368 suam:
676 3311 747 3391 ⁸per
761 3305 820 3369 hoc
834 3306 917 3392 quod
935 3307 1039 3384 efficit,
1058 3308 1248 3374 confundens
1263 3310 1404 3374 incredu-

250 3408 307 3487 los,
331 3417 364 3473 et
388 3407 566 3495 significans
587 3408 732 3493 quoniam
755 3409 821 3494 ipse
842 3418 892 3474 est
914 3432 974 3474 vox
996 3409 1067 3488 Dei,
1091 3434 1260 3498 perquam
1280 3413 1404 3498 accepit

249 3511 344 3577 homo
359 3517 523 3598 praeoepta,
544 3532 614 3595 quse
629 3530 845 3598 supergressus
864 3521 922 3590 est,
941 3521 974 3577 et
992 3513 1094 3578 lactus
1113 3522 1163 3579 est
1176 3523 1338 3601 peccator:
1363 3538 1404 3580 ex

250 3614 388 3702 peccatis
402 3613 485 3679 enim
499 3612 649 3701 paralysis
662 3615 829 3680 subsecuta
842 3624 901 3681 est.

205 3881 210 3892 ,
301 3826 544 3887 1crrnn.,voss.,
562 3827 609 3876 but
626 3828 678 3877 Aa.
699 3828 803 3877 ismore
851 3826 1019 3879 indictarum

251 3910 372 3975 probably
382 3908 451 3970 right
463 3909 523 3957 with
534 3908 642 3969 irtitr'um,
656 3909 740 3971 ἀρχήν.
900 3911 911 3942 ⁶
928 3920 949 3960 ct
965 3912 1070 3961 omitted
1086 3912 1113 3960 in
1131 3913 1174 3961 tlte
1193 3913 1256 3972 Aa„
1277 3913 1305 3961 in
1322 3929 1401 3975 masa,

301 3991 312 4022 ¹
328 3992 358 4053 si,
376 3999 472 4041 autem:
487 3992 531 4039 the
549 3992 604 4040 first
622 3991 758 4040 isomitted
776 3992 801 4039 in
851 3995 971 4053 αἰσθήσει,
984 3994 1014 4055 by
1025 3994 1062 4042 tbc
1077 3994 1185 4043 aedem
1195 3995 1225 4057 os
1233 3994 1294 4044 metr
1303 4011 1384 4045 semet.

250 4073 293 4121 the
305 4072 406 4123 Cannu.
417 4071 466 4120 and
477 4071 538 4132 Aa,
547 4071 597 4119 and
609 4072 648 4119 ior
658 4072 702 4119 the
713 4071 802 4119 second
900 4073 911 4105 ⁶
927 4075 979 4124 The
989 4075 1105 4139 readings
1113 4077 1142 4125 os
1151 4077 1193 4125 the
1203 4077 1313 4137 Cusum,
1323 4077 1402 4138 Van,

250 4153 337 4202 earlier
348 4153 403 4202 edd.
416 4152 466 4201 bad
478 4159 527 4211 aut,
542 4153 592 4200 Aa.
606 4151 672 4200 dicit
850 4156 941 4217 Voss,
959 4157 1019 4218 Gn,
1037 4157 1133 4219 Mass,
1153 4157 1193 4207 Su.
1213 4160 1261 4207 cna
1280 4161 1323 4208 τοῦ
1338 4162 1405 4210 ὄντος

300 4234 669 4283 ’unammittedinthesa
690 4234 723 4282 ib.
737 4232 803 4282 Dett
851 4239 905 4302 (tl.
919 4240 999 4299 ὅπως)
1014 4241 1082 4291 θεοῦ.
1106 4241 1158 4289 The
1166 4242 1216 4289 Aa.
1228 4242 1279 4300 has,
1293 4241 1403 4304 Sedquo-

299 4314 310 4347 ⁴
325 4317 352 4364 in
364 4325 445 4376 tottam,
464 4318 508 4365 tbo
524 4316 626 4379 reading
641 4316 754 4379 required
769 4317 802 4380 by
850 4319 957 4369 aicntod
964 4337 1074 4383 emaque
1082 4321 1148 4369 Deus
1156 4321 1402 4384 animaduerterent.

249 4397 292 4446 the
301 4397 567 4457 context;itissound
578 4398 603 4446 in
615 4399 659 4447 tbe
668 4399 728 4457 Aa,
742 4397 799 4458 and,
898 4400 909 4432 ⁷
921 4401 994 4461 fiebat
1013 4402 1155 4451 remissioni.
1191 4404 1241 4452 Aa.
1255 4402 1303 4464 fiat
1320 4403 1404 4452 romis-

249 4494 277 4527 as
300 4479 386 4528 Mass.
408 4496 472 4544 says,
498 4480 526 4527 in
544 4480 652 4544 reliquis,
670 4482 802 4545 excepting
848 4480 946 4532 moneo.

249 4559 294 4608 On.
306 4552 661 4624 inttotaar,Voss.im'ttotri,
671 4563 721 4611 and
732 4562 798 4613 Var.
898 4562 909 4596 ⁸
925 4565 987 4625 Aa,
1003 4564 1092 4613 Meae.
1106 4576 1136 4616 11.
1148 4571 1256 4628 propter.
