3000 4994
552 507 763 595 SANCTI
816 505 1040 593 IRENAEI

312 716 713 885 ⁴courtier
790 712 1209 820 nnnnsns

711 949 872 960 1-—

691 1097 822 1155 LIBER
843 1097 902 1156 IV:

659 1244 827 1303 PRAEM
839 1243 927 1304 vlo.

291 1377 322 1442 1.
367 1374 473 1439 Huuo
504 1380 649 1461 quartum
675 1373 799 1452 librum,
829 1373 1038 1450 dilectissime,
1066 1373 1284 1440 transmittens
1312 1373 1369 1440 tibi
1382 1393 1461 1438 o-m-

217 1477 320 1565 operis
346 1478 428 1564 quod
454 1485 503 1544 est
529 1478 568 1543 de
583 1476 776 1542 ¹detectione
800 1484 834 1562 et
862 1475 1021 1543 eversione
1049 1476 1136 1550 falsae
1172 1479 1368 1565 cognitionis,
1382 1496 1466 1544 ursi

217 1581 477 1668 quemadmodum
498 1579 705 1667 promisimus,
723 1601 779 1665 per
804 1579 927 1644 Domini
948 1601 1108 1646 sermones
1133 1602 1171 1645 ea
1192 1603 1262 1666 quae
1291 1604 1370 1667 prae-

217 1685 354 1750 diximus
380 1683 662 1762 ²00nfinnabimus,
685 1684 731 1748 uti
758 1691 791 1748 et
812 1690 859 1762 tu,
881 1683 963 1748 sicut
988 1682 1164 1770 postulasti,
1190 1685 1325 1771 undique
1350 1706 1371 1749 a

217 1787 307 1852 nobis
333 1787 468 1873 accipias
495 1786 674 1852 occasiones
697 1786 738 1851 ad
765 1786 970 1855 confutandos
998 1809 1107 1853 omnes
1135 1787 1307 1865 haereticos,
1337 1797 1370 1854 et

217 1911 272 1955 eos
298 1889 476 1955 omnimodo
500 1896 624 1955 retusos
652 1910 716 1953 non
739 1887 863 1976 longius
885 1889 970 1955 sinas
992 1888 1025 1954 in
1054 1890 1166 1956 erroris
1183 1892 1370 1976 ³prooederc

217 1984 417 2080 profundum,
444 2007 546 2079 neque
571 1993 757 2081 ignorantiae
778 1992 939 2079 praefocari
961 1993 1082 2080 pelago,
1110 1994 1165 2059 sed
1188 2003 1370 2059 convertens

217 2096 325 2162 cosin
347 2096 487 2162 veritatis
510 2103 645 2182 portum,
667 2094 764 2160 facias
792 2116 881 2160 suam
904 2096 1062 2181 percipere
1086 2097 1229 2162 salutem.
1286 2096 1369 2161 Eum

216 2207 322 2264 autem
345 2200 399 2288 qui
415 2199 490 2266 velit
511 2221 566 2265 eos
591 2205 779 2278 convertere,
805 2206 929 2284 oportet
951 2199 1115 2286 diligenter
1139 2201 1218 2265 scire
1247 2200 1369 2288 regulas

216 2304 282 2370 siva
306 2311 491 2392 argumenta
516 2302 665 2390 ipsorum.
713 2301 782 2368 Nec
805 2301 887 2368 enim
909 2304 1055 2389 possibile
1077 2311 1127 2369 est
1148 2303 1240 2369 alicui
1261 2326 1369 2370 curare

216 2407 368 2492 quosdam
382 2407 463 2472 male
477 2406 638 2483 lubentes,
659 2402 713 2491 qui
734 2404 857 2492 ignorat
876 2404 1072 2492 ⁴passionem
1088 2427 1193 2471 eorum
1215 2405 1266 2492 qui
1288 2407 1369 2473 malo

216 2509 331 2577 valent.
376 2511 572 2597 Quapropter
597 2507 630 2572 hi
660 2507 713 2594 qui
734 2515 808 2573 anta
828 2530 886 2574 nos
906 2508 1040 2588 suemnt,
1066 2509 1245 2594 etquidem
1271 2510 1369 2577 multo

216 2613 307 2679 nobis
329 2614 482 2692 meliores,
506 2635 569 2679 non
592 2619 697 2677 tamen
723 2611 800 2676 satis
822 2618 990 2697 potuemnt
1011 2612 1221 2678 contradicere
1244 2613 1293 2677 his
1317 2615 1370 2700 qni

216 2723 322 2782 sunta
334 2715 515 2794 Valentino,
528 2714 600 2801 quia
614 2713 799 2800 ignorabant
810 2712 948 2800 regulam
961 2713 1109 2800 ipsorum,
1123 2736 1214 2801 quam
1226 2737 1283 2781 nos
1297 2738 1369 2780 cum

154 2846 161 2862 ·
217 2819 302 2886 omni
321 2818 482 2906 diligentia
496 2816 530 2882 in
543 2816 642 2903 primo
657 2817 737 2882 libro
751 2815 823 2881 ⁶tibi
839 2817 1043 2893 tradidimns3
1068 2818 1117 2881 ‘in
1131 2840 1193 2904 quo
1211 2825 1244 2882 et
1265 2825 1369 2882 osten-

218 2922 322 2987 dimus
344 2921 518 2987 doctrinam
541 2940 648 2985 eorum
677 2918 965 3005 recapitulationem
989 2941 1058 2986 esse
1084 2921 1223 2985 omnium
1245 2920 1369 2985 baereti-

217 3046 333 3091 corum.
379 3024 591 3110 ⁷Quapropter
605 3029 637 3088 et
651 3021 683 3086 in
698 3022 834 3088 secundo
851 3030 1011 3108 tamquam
1030 3022 1190 3110 speculum
1204 3024 1370 3090 habuimus

216 3149 272 3196 eos
286 3126 384 3194 totius
398 3126 575 3193 eversionis.
612 3126 675 3210 Qui
689 3124 772 3190 enim
787 3123 858 3190 ⁸his
872 3126 1088 3192 contradicunt
1102 3126 1273 3193 secundum
1287 3126 1370 3212 quod

217 3239 351 3320 oportet,
373 3231 591 3297 contradicunt
617 3230 760 3296 omnibus
780 3229 833 3316 qui
850 3238 925 3295 sunt
941 3229 1033 3296 malae
1056 3230 1242 3310 sentcntiae3
1262 3238 1295 3298 et
1318 3231 1370 3318 qni

216 3337 275 3402 hos
298 3339 468 3414 ⁹evertunt,
483 3339 626 3400 evertunt
640 3354 763 3398 omnem
778 3332 932 3398 haeresim.

283 3444 314 3505 2.
345 3438 446 3526 Super
459 3459 568 3504 omnes
582 3445 630 3503 est
649 3435 732 3502 enim
746 3436 928 3524 blasphema
941 3437 1048 3526 regula
1065 3437 1214 3524 ipsomm,
1233 3438 1370 3524 quando-

218 3542 342 3631 quidem
366 3542 515 3608 iactorem
535 3548 568 3606 et
585 3538 813 3618 fabricatorem,
834 3539 887 3625 qui
907 3547 957 3605 est
975 3561 1056 3605 nnus
1079 3541 1177 3620 Deus,
1198 3541 1370 3606 secundum

217 3645 302 3737 quod
322 3644 524 3725 ostendimus,
539 3643 578 3711 de
592 3643 662 3710 labe
680 3642 746 3709 siva
768 3642 941 3709 delectione
956 3646 981 3686 ¹⁰
989 3664 1061 3709 eum
1081 3643 1230 3710 emissum
1251 3644 1370 3710 dicunt.

271 3819 280 3852 ¹
297 3819 350 3869 The
370 3818 426 3869 title
448 3817 581 3878 indicated,
597 3815 656 3865 Vol.
675 3827 693 3865 1.
711 3828 766 3877 250,
868 3811 880 3845 ⁶
897 3813 943 3862 See
954 3825 973 3863 1.
986 3814 1026 3878 98,
1041 3827 1097 3875 ²43·

218 3903 269 3952 and
279 3903 307 3952 ln
318 3902 453 3967 theSyriac
460 3900 610 3964 Fragments
621 3903 649 3948 at
659 3898 702 3948 tho
711 3897 766 3946 ond.
868 3895 879 3930 7
897 3896 944 3946 Sec
955 3908 974 3946 1.
989 3894 1044 3960 3⁶9·

266 3984 489 4048 ’coqrtmwbimua
501 3979 769 4032 ist'oundalsoinths
867 3975 948 4027 ⁸'l'hc
965 3978 1066 4029 Ounno.
1088 3979 1163 4028 omits
1182 3978 1238 4037 dish·
1260 3979 1310 4029 and
1329 3979 1373 4029 the

217 4067 328 4129 oman,
346 4067 379 4118 al.
391 4064 593 4129 οωυῖνπιαυίωω.
818 4059 902 4110 Greek
916 4060 977 4109 verb
993 4077 1052 4125 may
1067 4061 1131 4110 have
1147 4061 1209 4111 been
1226 4061 1287 4110 used
1303 4061 1372 4110 abac

267 4149 278 4182 ¹
292 4149 427 4213 procedere,
440 4148 552 4209 (loram,
565 4146 647 4196 Voce.
666 4143 766 4207 φθάσαι,
817 4136 904 4203 luboiv,
918 4155 940 4188 e.
945 4154 971 4203 g.
983 4139 1149 4201 ἀντιλέγοντες
1154 4140 1204 4202 γὰρ
1211 4139 1317 4198 δεόντως,
1330 4137 1374 4202 qm·

217 4247 296 4281 seems
312 4247 381 4281 moro
393 4230 492 4280 natural
505 4229 568 4280 than
578 4229 621 4278 tho
632 4227 684 4277 Aa.
697 4224 766 4275 read·
818 4227 846 4269 ut
856 4220 920 4271 decet
930 4220 1065 4284 dmm.

217 4309 262 4373 ing
269 4308 404 4372 procidere,
417 4308 570 4371 προπίπτειν,
584 4305 769 4370 thomotapbor
867 4301 1373 4366 'MSS.evmcnt.Srua1sbymistalio

216 4390 292 4455 being
302 4389 365 4439 from
376 4390 586 4454 theooeandeop.
817 4384 869 4437 loco.

266 4471 277 4504 ⁴
293 4472 323 4522 rb
334 4471 410 4522 πάθος
421 4472 469 4520 τῶν
479 4473 556 4522 κακῶς
567 4470 678 4533 ἑχόντων.
866 4465 888 4500 ¹⁰
900 4482 962 4530 mm,
974 4472 1001 4516 to
1012 4466 1043 4517 bo
1059 4464 1158 4530 mergcd
1169 4464 1275 4530 perhaps
1291 4464 1317 4515 in
1330 4465 1372 4515 the

267 4553 278 4584 ⁸
294 4552 346 4614 tibi,
356 4552 412 4614 On,
425 4557 470 4602 not
480 4553 506 4602 in
517 4553 620 4603 thoda.
629 4550 765 4602 sudVoss.
816 4549 945 4614 following
956 4547 1065 4613 syllable.
