3000 4994
525 380 625 435 uuus
651 380 751 434 nans
773 380 909 434 ranan.
1230 365 1296 435 147

142 554 205 598 non
228 541 331 598 errent
350 534 521 599 secundum
548 535 721 599 doctrinam
742 535 820 620 ejus,
840 556 941 621 neque
961 534 1096 600 alterum
1121 556 1177 620 pro
1197 536 1295 600 altero
1331 558 1434 644 μὴμὴ

142 640 282 705 audiant.
327 640 361 704 Si
381 648 485 705 autem
500 641 591 707 nobis
605 641 731 727 quidem
745 641 893 726 praecepit
913 663 1009 705 unum
1033 662 1144 706 vocare
1165 639 1295 704 Patrem
1322 652 1447 739 gffip

142 752 173 806 et
190 742 304 820 Deum,
321 742 387 828 ipse
408 752 514 807 autem
537 744 693 807 interdum
716 743 830 808 alteros
854 743 1021 809 confitetur
1043 751 1148 829 patres
1169 750 1202 807 et
1220 744 1295 808 deos
1309 746 1451 829 *¹2²—

142 847 251 910 eodem
267 846 368 922 modo,
384 845 445 909 alia
459 847 583 932 quidem
598 846 781 932 praecipicns
795 846 950 911 videbitur
963 847 1133 932 discipulis,
1146 846 1208 911 alia
1223 867 1295 911 vero

143 948 210 1034 ipse
224 949 352 1013 iaciens.
397 948 470 1012 Non
484 957 533 1013 est
554 957 661 1013 autern
675 949 734 1014 hoo
749 949 890 1035 magistri
905 950 989 1026 boni,
1004 950 1060 1015 sed
1075 948 1247 1014 seductoris
1262 958 1294 1014 et

143 1053 245 1118 invidi.
292 1052 337 1116 Et
358 1053 503 1139 Apostoli
527 1064 633 1119 autem
650 1053 821 1118 secundum
843 1075 897 1118 eos
920 1062 1166 1140 transgressores
1190 1062 1295 1118 osten-

142 1156 257 1220 duntur
286 1156 444 1242 praecepti,
472 1156 678 1243 Demiurgum
703 1155 808 1221 Deum
837 1164 870 1221 et
900 1156 1071 1221 Dominum
1099 1164 1133 1222 et
1164 1156 1295 1221 Patrem

142 1260 336 1337 confitentes,
353 1259 613 1343 quemadmodum
625 1258 826 1336 ostendimus,
842 1259 869 1324 si
891 1280 954 1323 non
968 1258 1019 1323 hic
1041 1257 1125 1323 solus
1139 1266 1189 1323 est
1205 1258 1295 1323 Deus

141 1369 174 1427 et
190 1362 295 1426 Pater.
341 1361 439 1426 Jesus
453 1383 527 1448 ergo
541 1360 797 1448 transgressionis
810 1369 920 1426 auctor
939 1368 972 1426 et
986 1360 1137 1449 magister
1156 1362 1215 1426 erit
1237 1361 1293 1440 eis,

143 1463 195 1549 qui
210 1462 357 1550 praecepit
372 1485 468 1526 unum
483 1463 585 1528 vocari
602 1463 742 1541 Patrem,
758 1462 921 1549 imponens
935 1464 981 1529 eis
995 1463 1214 1528 necessitatem
1230 1462 1295 1528 De-

142 1566 299 1654 miurgum
313 1566 454 1632 confiteri
468 1589 559 1632 suum
576 1568 715 1645 Patrem,
731 1566 990 1655 quemadmodum
1005 1575 1165 1633 ostensum
1179 1573 1239 1632 est.

631 1820 732 1890 OAP.
757 1821 802 1887 ΙΙ.

146 1960 300 2053 Quoestio
318 1960 364 2035 de
382 1988 421 2036 eo
439 1958 530 2060 quid
546 1959 601 2053 sit,
622 1960 790 2061 corpitcor
807 1958 875 2035 ribi
896 1960 1016 2035 Pater
1032 1960 1194 2037 Domino
1217 1961 1297 2040 coli

633 2092 665 2153 ol
691 2092 805 2153 lerum.

45 2251 126 2292 nmo.
210 2227 350 2291 Monens
379 2227 475 2314 igitur
497 2226 783 2313 recapitulationem
805 2224 957 2291 universae
979 2226 1067 2314 legis,
1091 2248 1184 2314 quam
1207 2248 1298 2294 aoce-

143 2338 232 2416 perat
257 2330 477 2418 aDenriurgo,
505 2330 538 2393 in
568 2330 813 2395 Deuteronomio
842 2330 968 2402 faciens,
998 2331 1044 2396 sic
1073 2331 1139 2395 ait:
1163 2332 1297 2396 Attouda
1309 2359 1371 2399 neue
1380 2358 1448 2399 mn

144 2435 259 2512 coslum,
281 2444 309 2499 ot
331 2434 459 2520 loquor:
482 2444 511 2499 ol
533 2434 646 2499 audiat
670 2444 757 2498 terro
782 2432 873 2497 cordo
899 2455 936 2497 en
961 2456 1013 2498 ors
1040 2456 1113 2499 meo.
1159 2434 1296 2499 Rursum
1310 2407 1327 2444 ι’

145 2537 248 2602 David
262 2538 451 2623 adjutorium
474 2560 564 2604 suum
586 2537 692 2602 dicens
712 2558 733 2601 a
757 2536 895 2602 Domino
910 2536 998 2600 fieri:
1018 2536 1228 2621 Adjutorium,
1251 2537 1296 2601 in·
1310 2560 1452 2601 muna

144 2642 222 2725 quit,
248 2663 347 2705 meum
367 2664 388 2705 u
411 2642 553 2719 Domino,
577 2641 631 2726 qui
646 2640 726 2725 fecit
749 2638 855 2703 coslum
879 2648 908 2703 ot
930 2648 1055 2703 terrain.
1114 2638 1159 2703 Et
1183 2638 1297 2704 Esaias

144 2745 311 2809 confitetur
351 2765 371 2808 a
395 2744 490 2823 ¹Deo,
518 2743 570 2830 qui
597 2743 673 2808 fecit
696 2742 811 2807 coelum
834 2749 868 2806 et
897 2750 1013 2807 terram
1042 2748 1075 2807 et
1103 2740 1297 2806 ²dominatur

144 2874 261 2930 eorum,
287 2852 353 2917 fieri
376 2873 552 2917 sermones:
576 2851 676 2929 Audi,
703 2849 814 2935 inquit,
841 2850 956 2927 coelnrn,
980 2859 1008 2913 ct
1024 2848 1154 2914 auribus
1174 2850 1297 2935 pompe
1310 2886 1414 2927 hm

145 2966 242 3032 terro,
257 2955 402 3041 quoniam
416 2955 568 3019 Dominus
582 2954 696 3019 locum
710 2964 762 3019 est.
807 2952 852 3018 Et
865 2953 996 3019 iterum:
1022 2953 1076 3016 Sic
1090 2954 1137 3017 ait
1148 2953 1298 3017 Dominus
1310 2987 1441 3028 mmm.

145 3057 230 3122 Deus
244 3059 299 3143 qui
312 3058 394 3142 fecit
410 3057 525 3135 coslum,
545 3067 574 3122 et
595 3057 696 3140 officit
714 3054 798 3121 ill-ud
807 3079 818 3126 ‚·
842 3057 897 3141 qai
915 3056 1106 3138 confirmo-il
1123 3066 1246 3135 lemnus,
1270 3066 1298 3120 cl

146 3184 214 3246 quor
228 3163 263 3225 ia
277 3183 313 3225 ea
327 3171 415 3225 suat:
439 3171 467 3225 ot
481 3163 534 3246 qui
553 3161 609 3225 dot
626 3162 764 3245 afficta—ru
776 3160 902 3246 populo,
923 3161 977 3246 qui
999 3170 1041 3225 est
1060 3181 1150 3246 super
1169 3182 1245 3238 conr,
1269 3170 1298 3225 ct

145 3267 290 3351 spirituus
311 3265 358 3329 lu
382 3266 438 3351 qui
456 3266 578 3330 cahom
599 3265 696 3329 illam.
742 3264 881 3328 Rursum
901 3264 1057 3329 Dominus
1075 3274 1181 3331 noster
1199 3264 1297 3330 Jesus

147 3367 290 3432 Christus
304 3369 437 3432 eundem
451 3369 535 3433 hunc
551 3368 680 3433 Patrem
701 3389 792 3432 sunm
814 3367 989 3446 confitetur,
1006 3368 1038 3431 in
1053 3390 1091 3433 eo
1102 3368 1185 3454 quod
1199 3368 1294 3434 dicit:

148 3471 294 3552 Confiteor
309 3470 365 3534 ali
379 3471 489 3549 Pater,
505 3472 638 3535 Domine
652 3470 721 3536 coeli
735 3480 763 3535 et
774 3480 876 3536 terreo.
922 3471 1023 3551 Quem
1046 3471 1174 3535 Patrem
1190 3472 1297 3536 volunt
1310 3502 1369 3541 uste.
1378 3502 1407 3541 a
1416 3502 1446 3545 aa

147 3593 204 3636 ¹¹⁰⁸
219 3573 327 3637 andire
342 3573 386 3651 hl,
402 3573 454 3658 qui
468 3579 542 3637 sunt
556 3572 713 3637 Pandorae
721 3572 944 3658 perversissimi
957 3573 1126 3659 sophistael
1163 3573 1297 3637 Utrum·
1309 3548 1388 3589 “Lu‘'
1397 3559 1419 3587 ¹¹
1428 3550 1460 3587 ²¹·

146 3695 186 3738 ne
210 3674 359 3760 Bythum,
384 3698 476 3762 quem
495 3698 515 3741 a
537 3676 715 3762 semetipsis
737 3677 916 3750 finxerunt;
947 3698 989 3741 an
1011 3677 1149 3741 Matrem
1167 3698 1294 3754 eorum3

145 3799 186 3841 an
202 3778 432 3864 Unigenitum?
472 3781 527 3844 An
542 3801 636 3865 quern
653 3780 862 3858 Marcionitae,
878 3780 926 3844 vel
946 3780 1052 3845 caeteri
1073 3780 1297 3844 adinvenerunt

146 3879 270 3945 Deum?
287 3884 395 3967 (quem
407 3882 531 3966 quidem
544 3903 606 3947 non
618 3903 686 3946 esse
696 3881 811 3958 Deum,
823 3882 989 3967 permulta
1000 3881 1295 3964 demonstravimus)

144 4004 196 4061 an,
217 3984 299 4069 quod
319 3992 505 4062 calvorum,
526 3985 743 4049 fabricatorem
765 3983 835 4049 coeli
856 3992 889 4048 et
907 3985 1021 4048 terrm!
1054 4005 1145 4069 quern
1171 3992 1204 4047 et
1226 4006 1296 4068 pro-

143 4087 248 4172 phetae
264 4088 521 4172 praedicaverunt,
537 4110 630 4173 quem
645 4096 677 4153 et
699 4088 843 4153 Christus
859 4109 950 4150 sunm
972 4087 1102 4151 Patrem
1120 4087 1295 4168 confitetur,

144 4212 237 4273 qnenr
263 4199 295 4255 et
320 4191 372 4255 lex
400 4191 578 4269 annuntiat,
603 4191 728 4255 dicens:
765 4191 855 4253 Aodi
878 4189 1001 4255 Israel!
1031 4190 1185 4254 Dominus
1211 4184 1434 4267 Donamus,

143 4299 237 4359 ³luus
251 4297 351 4359 ⁴Dcus
365 4317 444 4360 ursus
458 4305 509 4360 est.

192 4448 202 4481 ¹
220 4450 330 4511 Onnum,
344 4450 491 4511 An.,Voss.
504 4450 562 4500 Deo.
587 4450 694 4500 Gn.Do·
794 4449 805 4482 ³
822 4450 910 4500 LXX.
925 4451 998 4509 ἡμῶν.

144 4529 220 4580 ruino.
794 4533 888 4584 ‘Deus
907 4535 986 4585 added
1008 4536 1041 4601 by
1060 4536 1155 4585 Gsann
1173 4537 1237 4587 from
1254 4539 1298 4587 tlre

192 4610 204 4643 ²
219 4612 362 4663 dominatur
371 4629 460 4675 eorum,
474 4614 505 4663 el.
517 4610 570 4676 146,
584 4630 610 4666 n.
624 4627 646 4664 a.
745 4616 797 4664 An.
811 4615 869 4666 MS.
