3000 4994
469 343 606 395 DONUM
632 341 953 394 PRIEDICEBATUR.
1234 329 1278 391 93

126 497 192 561 lieri
208 497 239 560 in
259 497 383 562 Christo
399 496 423 560 J
424 519 479 562 esu
494 505 682 583 poteramus,
699 496 766 562 sine
780 517 862 581 aqna
883 517 952 580 quae
967 494 1005 559 de
1028 493 1108 558 coelo
1127 498 1186 557 est.
1234 492 1278 556 Et
1313 515 1365 554 me.
1376 516 1415 556 ur.

1324 563 1381 601 xviii.
1392 564 1407 602 l.

126 603 208 667 sicut
222 604 309 668 arida
320 612 412 682 terra,
428 605 453 668 si
471 626 531 668 non
547 604 697 690 percipiat
711 604 881 681 humorem,
898 625 960 666 non
975 600 1160 666 fructificat:
1184 600 1229 664 sic
1246 609 1279 664 et
1291 609 1436 696 Gfflsffi'p

126 727 193 783 nos,
216 706 336 793 lignum
351 708 472 771 aridum
486 708 673 771 exsistentes
691 707 833 791 primum,
849 729 1006 792 nunquam
1024 705 1278 770 fructificaremus
1293 702 1442 790 „2¹²2-

126 808 231 886 vitam,
248 811 315 874 sine
335 831 469 895 superna
488 809 660 875 voluntaria
682 808 794 894 pluvia.
842 809 979 895 Corpora
999 808 1082 872 enim
1096 816 1203 873 nostra
1224 830 1279 893 per
1292 824 1431 864 Parnm-ro

128 910 284 975 lavacrum
300 911 394 989 illam,
416 933 486 997 quae
501 919 550 975 est
569 911 609 975 ad
626 910 898 996 incorruptionem,
915 910 1066 975 unitatem
1083 917 1277 994 acceperunt,

127 1014 239 1077 animae
265 1023 371 1078 autem
395 1037 449 1100 per
475 1013 635 1100 Spiritum.
681 1013 776 1078 Unde
795 1024 827 1079 et
849 1022 980 1098 utraque
1001 1013 1185 1091 necessaria,
1208 1036 1278 1078 cum

127 1125 258 1201 utraque
275 1117 440 1202 proficiunt
462 1117 494 1179 in
516 1116 612 1180 vitam
635 1115 707 1193 Dei,
730 1116 897 1182 miserante
918 1116 1054 1181 Domino
1076 1125 1182 1180 nostro
1206 1117 1402 1180 ¹Sa·Joh-1v·7·

129 1219 289 1283 maritanae
313 1219 356 1282 illi
386 1217 635 1304 praevaricatrici,
663 1240 733 1302 quse
759 1218 792 1281 in
816 1240 878 1282 uno
903 1218 969 1283 viro
991 1240 1054 1282 non
1077 1219 1201 1294 mansit,
1224 1219 1280 1284 sed

129 1320 280 1385 fornicata
303 1329 352 1384 est
375 1320 408 1384 in
434 1319 540 1383 multis
563 1318 691 1405 nuptiis,
724 1328 757 1384 et
786 1320 969 1385 ostendente
995 1319 1035 1396 ei,
1059 1329 1091 1384 et
1115 1320 1279 1405 pollicente

128 1444 241 1506 squam
254 1421 363 1500 vivam,
373 1431 409 1487 ut
423 1422 552 1486 ulterius
565 1443 628 1486 non
643 1422 754 1500 sitiret,
769 1445 869 1508 neque
884 1431 1086 1507 occuparetur
1099 1424 1140 1487 ad
1154 1423 1280 1488 humec-

128 1524 279 1589 tationem
294 1546 383 1611 aquae
399 1522 570 1600 laboriosae,
592 1523 711 1588 habens
726 1524 806 1589 inse
821 1533 929 1610 potum
945 1523 1123 1588 ²salientem
1138 1524 1169 1587 in
1185 1525 1279 1590 vitam

128 1635 288 1704 artemam,
308 1627 416 1712 ³quam
433 1626 587 1689 Dominus
606 1625 762 1711 accipiens
783 1649 896 1690 munus
913 1649 934 1691 a
950 1627 1055 1703 Patre,
1078 1626 1144 1711 ipse
1159 1649 1280 1714 quoque

128 1725 177 1792 his
191 1728 317 1792 donavit
332 1728 384 1814 qui
400 1750 440 1792 ex
454 1727 521 1813 ipso
537 1727 771 1813 participantur,
788 1728 820 1791 in
835 1728 1009 1793 universam
1024 1737 1138 1792 terram
1153 1729 1281 1794 mittens

130 1828 281 1914 Spiritum
295 1837 448 1895 sanctum.

190 1937 221 1996 2.
262 1933 356 1998 Hanc
379 1932 516 1997 muneris
540 1932 674 2020 gratiam
701 1932 872 2017 praevidens
899 1932 1028 1997 Gedeon
1053 1933 1103 1998 ille
1129 1932 1280 2010 Israelita,

129 2056 222 2120 quem
251 2035 347 2122 elegit
377 2035 475 2111 Deus,
505 2040 542 2098 ut
570 2033 703 2098 salvaret
732 2034 880 2119 populum
915 2034 1012 2098 lsrael
1045 2034 1084 2100 de
1116 2043 1281 2121 potentatu

129 2137 382 2224 alienigenarum,
409 2137 580 2202 demutavit
605 2137 797 2223 petitionem,
825 2145 857 2202 et
883 2160 976 2223 super
1004 2139 1101 2203 vellus
1129 2138 1219 2218 lanse,
1249 2139 1280 2203 in
1294 2160 1414 2207 susara

130 2262 192 2327 quo
206 2248 329 2304 tanturn
343 2240 477 2326 primum
492 2261 543 2303 ros
558 2240 667 2316 luerat,
683 2238 765 2324 quod
781 2247 848 2303 erat
863 2247 955 2325 typus
969 2239 1084 2326 populi,
1106 2240 1282 2304 ariditatem
1294 2218 1335 2256 ἠ’

130 2344 266 2405 futuram
292 2341 500 2427 prophetans;
533 2341 593 2405 hoc
619 2350 678 2417 est,
708 2362 770 2406 non
795 2342 862 2426 jam
892 2342 1052 2408 habituros
1080 2365 1134 2407 eos
1163 2365 1183 2407 a
1212 2343 1282 2409 Deo

132 2443 282 2529 Spiritum
296 2451 449 2521 sanctum,
465 2443 547 2508 sicut
560 2443 672 2507 Esaias
686 2443 749 2507 ait:
766 2442 810 2506 Et
824 2442 950 2507 nudibus
962 2445 1109 2508 nwndsto
1124 2467 1160 2508 ns
1168 2445 1283 2531 pluant
1295 2475 1348 2515 aar
1357 2476 1403 2515 es.

129 2567 219 2632 super
233 2569 319 2621 earm
343 2547 376 2609 in
396 2545 479 2610 omni
499 2555 605 2610 sutem
627 2555 710 2610 terra
730 2545 797 2609 fieri
816 2567 878 2623 ros,
894 2546 976 2631 qnod
995 2556 1043 2611 est
1060 2547 1194 2631 Spiritus
1210 2547 1281 2625 Dei,

130 2647 184 2732 qui
199 2647 358 2711 descendit
373 2647 405 2709 in
419 2646 599 2724 Dominum,
615 2648 742 2732 rpc'ritrss
753 2648 912 2733 sapientior
924 2658 952 2712 et
962 2648 1139 2726 intellectas,
1155 2650 1283 2734 spiritus
1297 2679 1385 2718 amar.
1395 2680 1414 2718 a

130 2749 250 2813 consilii
265 2759 293 2813 et
307 2749 437 2826 oirtsstis,
453 2750 581 2835 spiritus
592 2749 725 2812 scient-irs
739 2758 767 2813 et
775 2750 912 2834 pietates,
928 2751 1054 2836 spiritns
1070 2752 1186 2815 timoris
1199 2752 1280 2816 Dei:

130 2872 223 2938 quem
238 2851 340 2937 ipsum
355 2851 466 2914 iterum
489 2852 574 2916 dedit
590 2851 752 2930 Ecclesiae,
777 2852 810 2915 in
825 2873 948 2918 omnem
963 2861 1077 2919 terram
1098 2853 1226 2919 mittens
1244 2854 1283 2920 de

130 2954 220 3019 coelis
235 2954 445 3032 Paracletum,
469 2955 522 3019 ubi
537 2964 569 3019 et
585 2954 740 3018 diabolum
756 2962 916 3040 tamquam
935 2957 1037 3043 fulgur
1051 2959 1223 3044 projectum
1237 2958 1283 3022 ait
1295 2973 1345 3014 Luc·
1355 2986 1376 3015 x.
1387 2976 1414 3016 rt

132 3056 298 3122 Dominus.
343 3058 537 3142 Quapropter
552 3055 745 3121 necessarius
756 3057 847 3122 nobis
860 3067 909 3122 est
924 3081 976 3123 ros
985 3060 1056 3133 Dei,
1072 3069 1108 3124 ut
1122 3082 1185 3124 non
1199 3082 1283 3125 com-

130 3160 287 3237 buramur,
298 3180 398 3245 neque
410 3159 593 3224 infructuosi
602 3158 782 3236 efficiamur,
792 3167 825 3223 et
835 3161 888 3223 ubi
903 3170 1113 3226 accusatorem
1123 3163 1282 3240 habemus,

130 3263 192 3327 illic
214 3263 386 3327 habeamus
411 3271 444 3327 et
467 3262 701 3336 ⁴Parscletum3
725 3264 965 3329 commendante
990 3264 1127 3329 Domino
1155 3264 1283 3350 Spiritui

129 3374 240 3431 sancto
254 3387 345 3429 suurn
360 3364 545 3442 ⁶bominenr,
561 3364 613 3451 qui
630 3363 780 3428 inciderat
790 3364 822 3428 in
836 3365 981 3443 latrones,
998 3367 1047 3430 cui
1063 3367 1128 3451 ipse
1139 3369 1285 3433 misertus
1298 3388 1348 3429 uuo.
1357 3390 1415 3428 an

129 3478 188 3545 est,
219 3477 252 3532 et
281 3467 389 3553 ligavit
418 3467 544 3532 vulnera
567 3469 645 3554 ejus,
672 3467 750 3530 dans
776 3467 991 3533 duodenaria
1016 3471 1142 3556 regalia,
1168 3480 1204 3536 ut
1230 3495 1286 3557 per

131 3569 282 3655 Spiritum
304 3569 473 3654 imaginem
496 3577 529 3634 et
551 3568 785 3653 inscriptionem
809 3570 914 3634 Patris
936 3578 969 3635 et
990 3571 1062 3634 Filii
1086 3572 1284 3658 accipientes,

129 3672 351 3736 fructificemus
383 3670 535 3735 creditum
564 3671 654 3736 nobis
683 3670 853 3747 denarium,
881 3673 1119 3759 multiplicatum
1149 3676 1284 3744 Domino
1299 3693 1357 3788 &a
1367 3694 1450 3734 xxv-1⁶

128 3782 377 3840 annumerantes.

178 3967 188 4000 ¹
205 3967 368 4017 &mordens
378 3968 425 4027 illi,
439 3969 455 4018 i.
466 3970 539 4018 etho
549 3969 682 4019 multitude
732 3987 829 4019 woman
846 3971 867 4018 is
883 3969 1039 4033 represented
1051 3986 1078 4018 as
1093 3985 1108 4017 a
1125 3974 1184 4033 type
1200 3971 1229 4019 ol
1241 3971 1284 4020 the

130 4049 159 4098 οἰ
164 4048 400 4111 Gentileidolaters3
412 4051 454 4098 the
464 4051 618 4101 Samaritana
625 4068 683 4101 ever
732 4052 839 4100 hosthen
850 4051 935 4099 world.

129 4132 197 4179 since
218 4133 261 4180 the
283 4133 446 4181 substitution
466 4133 495 4180 of
514 4132 682 4197 Babyloniam
781 4130 793 4162 ¹
809 4132 908 4181 Curru.
927 4131 1021 4191 saliens,
1043 4131 1152 4196 possibly
1169 4148 1197 4180 ss
1217 4133 1284 4193 πόμα

128 4212 179 4260 sud
191 4213 333 4276 Assyriam,
349 4228 361 4261 a
375 4213 459 4276 Kings
470 4214 529 4262 xvii.
539 4229 578 4274 24,
591 4214 630 4262 for
640 4214 683 4263 the
733 4214 871 4272 ἁλλόμενοι.

128 4299 171 4342 ten
184 4293 260 4342 tribes
271 4294 365 4343 carried
376 4311 447 4358 away
458 4295 492 4359 by
501 4294 679 4354 Sbslmsueser,
781 4293 792 4326 ⁸
810 4295 863 4354 Gn,
876 4294 966 4353 Voss,
981 4294 1067 4343 Mass.
1082 4294 1154 4356 quod.

128 4390 192 4424 were
206 4391 239 4424 an
254 4376 389 4424 idolatmus
405 4392 468 4435 racc,
483 4392 511 4425 so
527 4376 583 4424 that
600 4382 627 4423 to
640 4375 683 4424 the
780 4376 849 4424 *καὶ
876 4377 917 4423 ἐάν
940 4392 976 4425 τις
1007 4376 1103 4438 ἁμάρτῃ
1129 4378 1285 4440 παράκλητον

127 4454 206 4515 Jews,
219 4456 362 4504 &meriton
375 4455 426 4504 aud
439 4455 543 4505 idolator
553 4471 616 4503 were
628 4470 683 4503 con·
733 4459 820 4516 ἱχομεν
832 4458 904 4504 nal.
927 4471 936 4504 1
951 4456 1011 4505 Joh.
1024 4456 1049 4506 ii.
1065 4472 1086 4507 r.
1125 4472 1131 4479 ·

128 4538 234 4588 vertible
255 4544 341 4589 terma.
372 4538 460 4588 Hence
478 4538 520 4587 the
543 4538 683 4586 Samariten
781 4536 1060 4589 ‘testabamur-oce.
1078 4539 1281 4589 Caramomnern.
