3000 4994
254 336 298 399 94
677 349 802 402 murus
828 349 979 402 ssunsn
1019 336 1023 343 '

111 524 215 611 233¹}
336 531 369 597 3.
412 509 487 580 Τοῦ
518 509 702 591 πνεύματος
733 509 786 579 οῦν
813 509 1038 584 κατελθόντος
1067 505 1119 578 διὰ
1148 508 1207 590 τὴν
1236 539 1404 608 προορισ-

88 617 236 703 ‘'ffiffl‘flfi'
253 623 348 706 με’νην
382 622 577 705 οἰκονομίαν,
612 621 666 691 καὶ
702 627 766 693 τοῦ
794 622 878 691 Υιόῦ
910 627 972 692 τοῦ
1004 621 1093 692 Θεοῦ
1125 626 1328 711 μονογενοῦς,
1370 621 1404 697 ὃς

91 710 306 806 -Ἢ-καῖ
342 735 449 826 λόγος
484 734 559 804 ε’στῖ
594 739 657 805 τοῦ
693 730 843 831 Πατρός,
882 733 1042 810 ἐλθόνπος
1079 739 1142 804 τοῦ
1178 731 1403 831 πληρώματος·

88 826 239 868 Militia.
302 854 317 869 Α
393 847 401 873 ς
634 846 642 872 ι
754 847 762 870 ς
812 845 821 869 ς
902 847 912 871 ν
1167 848 1175 871 ς
1204 844 1220 869 ,ι

82 873 225 971 mu,
254 879 316 918 τον
333 879 466 945 χρονον,
492 850 718 945 σαρκωθεντος
747 877 779 915 εν
806 849 966 943 ανθρωπῳ
996 841 1103 951 [adda
1134 843 1163 915 δι
1199 839 1402 949 erdpeffer}

89 972 161 1010 Μ·
252 960 305 1030 καὶ
337 963 450 1029 πᾶσαν
478 959 538 1041 τὴν
565 955 653 1028 κατὰ
680 956 853 1055 ἄνθρωπον
894 959 1080 1040 οἰκονομίαν
1117 959 1401 1054 ἐκπληρώσαντας,

252 1079 313 1143 τοῦ
330 1072 456 1170 Κυρίου
486 1075 572 1153 ἡμῶν
596 1070 740 1153 ιἸησοῦ,
772 1068 839 1145 ε’νδς
864 1069 996 1142 καὶτοῦ
1020 1071 1122 1140 αῦτοῦ
1149 1071 1253 1147 ὄντος,
1280 1072 1320 1146 (ῦς
1349 1072 1403 1140 αῦ-

252 1184 311 1263 τδς
338 1187 356 1255 ὁ
385 1184 507 1283 Κύριος
535 1193 705 1281 μαρτυρεῖ,
734 1181 787 1252 καὶ
818 1186 851 1253 οἱ
878 1182 1071 1252 ἀπόστολοι
1109 1184 1318 1273 ὁμολογοῦσι
1348 1182 1402 1252 καὶ

253 1300 286 1367 οἱ
317 1304 491 1396 προφῆται
524 1296 732 1392 κηρῦττουσι·
769 1293 902 1389 ψευδεῖς
942 1292 1187 1389 ἀπεδείχθησαν
1220 1297 1325 1363 πῦσαι
1368 1299 1404 1366 αἶ

253 1407 462 1480 διδασκαλίαι
489 1412 555 1478 τῶν
582 1405 644 1483 vde
670 1400 843 1498 α’γδοδδας,
869 1406 922 1477 καὶ
948 1402 1121 1505 τετράδας,
1155 1406 1225 1476 2καὶ
1256 1403 1402 1487 δοκήσας

251 1520 549 1621 παρεξευρηκότων.

316 1715 348 1777 3.
407 1712 525 1797 Spiritu
554 1711 660 1796 itaque
687 1710 896 1775 descendente
925 1710 1033 1795 ³super
1063 1709 1243 1793 praedictam
1273 1708 1402 1793 disposi-

250 1814 377 1891 tionem,
393 1822 426 1878 et
441 1814 523 1877 Filio
539 1812 600 1876 Dei
623 1811 793 1899 unigenito,
821 1812 872 1897 qui
898 1820 930 1876 et
948 1811 1089 1877 Verbum
1112 1820 1161 1876 est
1182 1811 1297 1888 Patris,
1319 1811 1401 1875 veni-

250 1924 323 1981 ente
337 1915 525 2003 plenitudine
540 1915 698 2001 temporis,
715 1915 876 1979 incarnato
898 1915 931 1977 in
949 1914 1073 1979 homine
1092 1921 1217 2000 propter
1234 1913 1399 1987 hominem,

250 2026 283 2082 et
311 2039 435 2081 omnem
471 2017 639 2081 seeundum
675 2016 832 2080 hominem
868 2016 1099 2101 dispositionem
1136 2015 1284 2101 implente
1320 2015 1401 2079 Jesu

252 2118 376 2185 (lhristc
392 2119 529 2184 Domino
549 2127 666 2196 nostro,
691 2141 753 2183 uno
776 2126 809 2184 et
832 2119 941 2184 eodem
963 2117 1143 2195 exsistente,
1167 2118 1249 2183 sicut
1278 2127 1311 2183 et
1334 2119 1400 2203 ipse

252 2221 407 2286 Dominus
421 2230 564 2299 testatur,
583 2231 615 2286 et
636 2220 781 2307 Apostoli
804 2222 1000 2297 confitentur,
1019 2229 1052 2285 et
1075 2220 1234 2305 prophetae
1255 2220 1399 2284 annunti-

250 2332 316 2403 ant,
353 2325 518 2390 mendaces
547 2333 680 2389 ostensae
718 2331 792 2387 sunt
820 2323 970 2387 universae
1007 2323 1156 2387 doctrinae
1192 2346 1309 2400 eorum,
1346 2323 1399 2409 qui

250 2428 466 2493 octonatioues
489 2436 522 2491 et
551 2426 803 2512 quaternationes
832 2426 988 2511 putativas
1016 2425 1248 2503 adinvenerunt,
1273 2436 1304 2491 et
1327 2427 1398 2491 sub·
1412 2443 1479 2485 uss

250 2529 416 2596 divisiones
450 2531 724 2617 excogitaverunt:
763 2531 817 2616 qui
855 2530 1005 2616 Spiritum
1043 2530 1168 2617 quidem
1208 2530 1398 2607 interimunt,

249 2631 344 2697 alium
358 2641 462 2698 autem
479 2632 648 2710 Christum,
664 2640 696 2697 et
714 2632 809 2696 alitam
828 2632 851 2695 J
854 2654 941 2696 esum
962 2631 1149 2718 intelligunt,
1169 2640 1201 2697 et
1219 2655 1281 2696 non
1304 2655 1399 2696 unum

251 2737 419 2814 Christum,
447 2738 503 2802 sed
528 2739 632 2823 plures
657 2737 752 2801 fuisse
776 2737 906 2801 docent:
927 2745 959 2800 et
982 2736 1010 2799 si
1036 2736 1140 2801 unitos
1169 2758 1224 2800 eos
1253 2736 1398 2809 dixerint,

249 2841 361 2905 iterum
372 2841 540 2906 ostendunt
551 2842 637 2905 ⁴eum
649 2839 775 2924 quidem
786 2839 986 2924 participasse
997 2839 1180 2924 passionem,
1197 2840 1280 2905 hunc
1294 2849 1399 2905 autern

250 2943 471 3027 impassibilem
492 2964 722 3028 perseverasse3
751 2950 784 3006 et
808 2941 890 3006 hunc
914 2942 1037 3026 quidem
1067 2942 1243 3007 ascendisse
1270 2944 1301 3005 in
1329 2944 1400 3008 Ple·

248 3065 346 3121 roma,
373 3043 455 3108 hunc
480 3052 585 3108 autem
616 3045 649 3107 in
675 3043 843 3108 medietate
866 3042 1074 3118 remansisse,
1106 3052 1138 3108 et
1164 3044 1246 3109 hunc
1273 3045 1399 3131 quidem

249 3147 282 3210 in
314 3146 517 3211 invisibilibus
545 3156 578 3212 et
607 3146 879 3211 innominabilibus
911 3145 1027 3231 epulari
1061 3154 1093 3210 et
1126 3148 1282 3223 oblectari,
1315 3148 1398 3213 hunc

247 3255 354 3313 autem
383 3248 517 3314 assidere
547 3248 730 3334 Demiurgo,
760 3255 963 3313 evacuantem
987 3270 1058 3312 eum
1085 3249 1209 3315 virtute.
1246 3249 1341 3314 Unde
1366 3259 1399 3315 et

247 3351 403 3436 oportebit
417 3360 450 3416 et
463 3360 505 3427 te,
521 3360 554 3416 et
568 3351 739 3438 omnesqui
755 3350 920 3415 intendunt
939 3351 1011 3415 huic
1031 3352 1210 3437 Scripturas,
1227 3361 1259 3417 et
1274 3354 1396 3418 solliciti
1411 3376 1435 3414 ο.
1445 3378 1479 3414 ια

247 3461 321 3517 sunt
332 3476 387 3538 pro
399 3476 455 3518 sua
466 3454 577 3530 salute,
588 3475 660 3530 non,
675 3475 771 3539 quum
783 3453 915 3517 audiunt
924 3453 1094 3518 lorinsecus
1108 3477 1215 3519 eorum
1229 3478 1397 3533 sermones,

247 3565 358 3641 sponte
377 3558 597 3630 succumbere;
627 3556 739 3619 similia
761 3554 844 3619 enirn
867 3555 1027 3642 loquentes
1047 3557 1199 3634 fidelibus,
1219 3559 1301 3623 sieut
1320 3581 1398 3643 prae·

247 3659 392 3735 diximus,
416 3682 479 3725 non
500 3660 600 3724 solum
623 3659 785 3724 dissimilia
806 3658 941 3743 sapiunt,
967 3659 1023 3723 sed
1042 3668 1074 3724 et
1096 3661 1261 3738 contraria,
1287 3671 1320 3726 et
1344 3685 1398 3747 per

246 3762 351 3826 omnia
366 3763 457 3846 plena
470 3762 680 3846 blasphemiis,
700 3784 755 3846 per
777 3783 847 3847 quae
866 3761 1055 3826 interficiunt
1075 3783 1138 3838 eos,
1152 3763 1207 3847 qui
1223 3785 1277 3848 per
1291 3764 1398 3828 simili-

247 3865 386 3929 tudinem
412 3867 575 3930 verborum
597 3865 747 3929 dissimile
775 3863 964 3929 “affectionis
989 3884 1096 3928 eorum
1120 3865 1151 3927 in
1175 3887 1210 3929 se
1235 3867 1398 3931 attrahunt

296 4053 305 4085 ¹
324 4054 425 4104 Schultz
442 4056 503 4103 adds
516 4057 631 4118 Χριστοῦ,
650 4055 743 4120 merely
755 4056 797 4104 ob·
846 4055 983 4113 μὲν...τδν
999 4056 1032 4104 δέ.

246 4136 345 4198 serving
355 4137 412 4184 thst
423 4138 517 4185 Gnnss
527 4139 601 4186 omits
612 4138 655 4186 the
665 4137 742 4186 vvord.
897 4136 1020 4185 ³Gnnsn
1045 4143 1160 4202 suggests
1183 4138 1327 4200 insertionis,
1351 4140 1398 4187 but

295 4214 306 4246 ¹
324 4218 362 4263 rat
374 4219 487 4276 δοκήσας,
496 4217 521 4279 s.
531 4218 573 4280 ley.
587 4220 769 4278 καταδοκήτονς.
847 4221 916 4269 there
927 4219 948 4267 is
959 4235 992 4267 no
1003 4221 1125 4284 necessity
1132 4220 1170 4269 sor
1177 4220 1235 4269 this.
1255 4220 1308 4268 The
1315 4220 1397 4268 Greek

296 4297 307 4328 ³
323 4312 401 4358 super,
422 4301 462 4346 ἐπὶ
479 4304 548 4348 must
565 4300 628 4347 have
639 4300 700 4348 been
715 4300 740 4347 in
755 4300 798 4348 the
848 4302 990 4360 παθήματος
1008 4301 1093 4349 malros
1110 4317 1171 4365 very
1186 4301 1251 4364 good
1267 4316 1345 4348 sense.
1375 4304 1397 4349 ot

247 4376 398 4425 translator's
410 4394 489 4442 copy;
505 4396 542 4427 we
553 4380 642 4428 should
653 4396 705 4444 say,
720 4379 799 4429 render
847 4382 878 4431 δι’
894 4383 1032 4442 ὁμοιότητος
1049 4385 1097 4431 τῶν
1111 4383 1224 4445 ῥημάτων
1242 4383 1349 4440 ἀνόμοιον
1369 4386 1398 4432 τὸ

247 4456 285 4503 the
297 4457 419 4517 prmnhsd
435 4459 605 4519 dispensatiore.
846 4464 891 4511 τοῦ
917 4466 1060 4524 παθήματος
1089 4466 1166 4512 αὐτῶν
1194 4465 1320 4525 φάρμακον
1348 4466 1397 4512 ἐτι·

295 4537 376 4585 ‘erem
404 4538 614 4599 quidem...lunc
640 4549 727 4601 nartem,
757 4544 799 4591 τὸν
847 4544 957 4593 σπῶνται
974 4547 1006 4594 εἰς
1023 4545 1127 4593 ἑαυτούς.
