3000 4994
229 344 294 411 106
641 359 785 414 onoma
810 359 975 413 HOMINIS

63 532 215 575 ιιιιιιιιιι.
229 534 300 600 quae
321 512 406 578 iacta
426 520 476 578 est
496 533 517 576 a
535 511 644 578 Verbo
666 534 720 598 per
741 512 865 599 signum
887 510 992 590 Jonas
1014 510 1064 575 his
1085 510 1138 595 qui
1160 508 1291 574 eandem
1312 529 1385 573 cum

63 582 158 714 off}
163 626 216 712 pff
230 615 251 678 J
256 636 317 679 ona
331 615 370 679 de
380 613 532 679 ¹Domino
544 614 733 681 sententiam
747 615 931 692 habuerunt,
944 614 1119 680 etconfessi
1131 614 1265 690 fuerunt,
1275 621 1307 677 et
1316 612 1384 677 dix·

107 721 170 759 ¹¹··¹
230 727 331 797 erunt,
350 719 480 782 'Soram
496 718 624 782 Donrioi
643 740 694 804 apo
712 740 788 795 sam,
808 727 838 783 ct
853 717 1020 783 Dominum
1036 718 1139 782 Deam
1158 717 1224 781 coeli
1244 739 1294 803 epo
1312 717 1382 794 colo,

62 833 161 875 mla
228 843 282 907 qai
276 821 374 905 fecit
387 842 472 885 more
486 831 514 885 ct
527 821 667 885 aridum:
690 831 726 886 ut
740 821 956 907 insperabilem
976 820 1069 885 homo
1089 842 1109 884 a
1124 820 1194 884 Deo
1212 819 1386 905 percipiens

229 923 371 1001 salutem,
394 932 537 1011 resurgat
558 945 579 988 a
600 923 740 1002 mortuis,
763 932 796 988 et
817 923 965 989 clarificet
990 923 1105 1001 Deum,
1128 931 1160 988 et
1181 944 1252 987 eam
1273 943 1343 1008 quae
1364 944 1385 986 a

64 1032 116 1074 ¹0¹²·
123 1032 144 1072 ¹¹·
153 1033 172 1071 ²·
230 1025 254 1091 J
255 1048 316 1092 ona
337 1027 522 1113 prophetata
542 1036 592 1093 est
613 1027 697 1092 dicat
716 1049 841 1093 vocem:
868 1026 1011 1091 Ghmoci
1032 1025 1078 1090 od
1096 1025 1263 1090 Dominum
1283 1024 1385 1090 Deam

229 1151 327 1194 ιιιιιιηι
347 1131 382 1194 ia
401 1128 595 1194 tribulatione
616 1151 693 1206 moa,
716 1138 745 1195 ct
766 1129 923 1195 cacadicit
944 1129 1172 1194 madescam
1193 1128 1328 1212 inferni·
1352 1134 1385 1192 et

229 1254 353 1320 semper
368 1241 549 1318 permaneat
562 1232 739 1319 glorificans
755 1233 869 1310 Deum,
890 1240 923 1297 et
936 1232 1004 1298 sine
1026 1230 1254 1297 intermissione
1267 1231 1385 1318 gratias

65 1343 152 1384 ΝΜ
161 1345 191 1384 ⁹2
229 1337 365 1402 reserens
382 1358 438 1422 pro
453 1357 491 1401 ea
505 1335 606 1401 salute
620 1358 714 1422 quam
728 1345 915 1402 consecutus
926 1344 975 1402 est
988 1337 1029 1401 ab
1043 1357 1098 1402 eo:
1118 1345 1153 1401 at
1164 1357 1224 1401 oca
1233 1336 1385 1421 glorietur

230 1441 266 1505 ia
287 1451 440 1527 compacta
457 1439 585 1505 Domini
605 1441 700 1505 omnis
717 1461 799 1519 coro,
819 1462 876 1506 nec
894 1461 1031 1525 unquam
1048 1439 1087 1505 da
1108 1439 1177 1505 Deo
1196 1439 1385 1505 contrarium

230 1565 357 1610 sensum
379 1544 513 1628 accipiat
534 1543 639 1622 homo,
660 1543 834 1631 ³propriam
851 1542 1034 1609 naturaliter
1052 1542 1208 1608 arbitrans
1225 1564 1294 1607 eam
1313 1565 1385 1630 quae

230 1647 313 1712 circa
327 1669 363 1712 se
382 1656 466 1712 esset
480 1647 731 1734 incorruptelam,
746 1655 779 1712 et
789 1667 853 1711 nou
866 1653 977 1712 tenens
991 1645 1164 1724 veritatem,
1179 1645 1264 1711 inani
1277 1667 1384 1731 super-

231 1749 302 1816 cilio
319 1751 501 1836 jactaretur,
524 1750 613 1836 quasi
641 1749 825 1815 naturaliter
843 1749 956 1816 'similis
984 1756 1068 1816 esset
1095 1749 1174 1815 Deo.
1221 1749 1385 1837 Ingratum

231 1853 315 1918 enim
329 1853 431 1939 magis
445 1874 517 1918 eum
535 1852 611 1919 ⁴hoc
624 1853 653 1918 ei
668 1854 722 1939 qui
737 1875 810 1920 eum
824 1854 940 1919 fecerat
951 1853 1124 1940 perficiens,
1139 1860 1172 1917 et
1188 1851 1386 1918 dilectionem

232 1977 327 2043 quam
341 1955 477 2020 habebat
492 1955 581 2020 Deus
592 1955 624 2020 in
635 1955 793 2021 hominem
805 1957 998 2036 obfuscabat,
1009 1962 1061 2022 ⁶et
1071 1957 1249 2022 excaecabat
1260 1978 1386 2021 sensum

231 2080 323 2125 suurn
341 2059 382 2124 ad
401 2081 465 2124 non
482 2059 677 2124 sentiendum
696 2060 780 2147 quod
797 2061 840 2125 sit
854 2060 894 2126 de
914 2060 984 2127 Deo
999 2061 1139 2149 dignum,
1153 2081 1338 2146 comparans
1354 2069 1387 2126 et

231 2162 383 2249 aequalem
396 2183 431 2227 se
441 2161 588 2249 judicans
603 2161 684 2228 Deo.

299 2269 330 2330 2.
376 2264 459 2331 Haec
474 2287 549 2352 ergo
564 2265 624 2330 fuit
643 2265 885 2352 magnanimitas
900 2265 972 2344 Dei,
986 2273 1023 2330 ut
1040 2287 1096 2352 per
1115 2266 1220 2331 omnia
1232 2272 1388 2352 pertrans·

234 2369 304 2434 iens
326 2368 430 2448 homo,
457 2375 490 2434 st
520 2371 663 2434 οιιιοιιιιιι
688 2367 881 2454 agnitionem
909 2369 1093 2456 percipiens,
1122 2368 1234 2434 dehinc
1263 2369 1389 2434 veniens

234 2473 275 2538 ad
304 2472 561 2538 resurrectionem
591 2493 661 2558 quae
690 2481 740 2537 est
767 2494 788 2536 a
813 2473 955 2551 mortuis,
979 2481 1012 2538 et
1033 2472 1245 2558 experimento
1266 2473 1389 2539 discens

234 2576 316 2642 unde
345 2576 494 2641 liberatus
519 2586 577 2655 est,
596 2597 720 2662 semper
744 2583 854 2663 gratus
875 2576 1007 2641 exsistat
1028 2575 1175 2655 Domino,
1201 2598 1314 2641 munus
1342 2577 1388 2640 in-

100 2699 119 2728 a
234 2677 417 2763 corruptelae
437 2686 624 2744 consecutus
639 2679 681 2742 ab
699 2700 748 2757 eo,
763 2686 799 2741 ut
814 2677 883 2764 plus
898 2677 1040 2764 diligeret
1058 2699 1141 2757 eum,
1157 2677 1207 2743 cui
1222 2678 1304 2743 enim
1319 2678 1389 2764 plus

234 2779 403 2846 dimittitur
429 2781 500 2866 plus
526 2781 638 2867 diligit,
667 2789 838 2868 cognoscat
865 2789 971 2846 autem
1000 2782 1211 2868 semetipsum,
1241 2783 1387 2868 quoniam

234 2882 375 2947 mortalia
395 2890 429 2947 et
451 2882 592 2947 infirmus
606 2890 673 2957 est3
696 2882 851 2970 intelligat
872 2891 979 2947 autem
1001 2891 1034 2948 et
1049 2883 1163 2962 Deum,
1186 2883 1333 2969 quoniam
1354 2882 1387 2946 in
1400 2905 1481 2948 aaa

234 2995 359 3050 tantum
374 2984 559 3049 immortalis
580 2993 613 3051 et
631 2993 745 3072 potens
767 2995 827 3064 est,
846 2985 894 3050 uti
917 2994 950 3050 et
972 2985 1095 3050 mortali
1109 2985 1384 3060 immortalitatem,

234 3097 267 3155 et
282 3087 443 3175 temporali
458 3088 668 3154 aeternitatem
682 3088 796 3154 donet:
820 3089 974 3177 intelligat
993 3095 1099 3153 autem
1120 3097 1153 3153 et
1173 3088 1307 3174 reliquas
1327 3089 1386 3153 vir-

234 3206 319 3264 tutes
334 3195 396 3261 Dei
410 3217 519 3261 omnes
533 3196 566 3260 in
581 3197 782 3282 semetipsum
800 3205 952 3274 ostensas,
963 3218 1018 3281 per
1032 3217 1110 3282 quas
1124 3196 1254 3261 edoctus
1272 3196 1387 3261 sentiat

235 3302 274 3366 de
290 3301 371 3378 Deo,
388 3308 524 3385 quantus
545 3309 595 3365 est
616 3300 716 3365 Deus.
753 3300 861 3365 Gloria
882 3299 966 3364 enim
988 3298 1133 3377 hominis,
1149 3299 1247 3378 Dens,
1264 3299 1387 3386 ⁷opera-

235 3403 338 3469 tiones
352 3424 425 3467 vero
441 3402 518 3477 Dei;
538 3410 571 3468 et
585 3402 687 3467 omnis
701 3402 862 3489 sapientiae
877 3404 946 3489 ejus
960 3409 994 3468 et
1008 3402 1132 3468 virtutis
1147 3403 1386 3490 receptaculum,

234 3507 340 3572 homo.
385 3506 654 3589 Quemadmodum
674 3506 815 3571 medicus
838 3505 871 3570 in
890 3506 940 3570 his
962 3505 1015 3591 qui
1030 3513 1196 3592 aegrotant,
1219 3507 1385 3591 probatur;

177 3615 180 3625 '
235 3609 280 3675 sic
303 3617 336 3675 et
357 3609 445 3674 Deus
468 3608 501 3672 in
524 3607 702 3674 hominibus
722 3607 952 3673 manifestatur.
997 3607 1193 3693 Quapropter
1213 3615 1246 3671 et
1268 3607 1388 3673 Paulus
1432 3650 1434 3654 .

143 3741 156 3769 x
204 3755 211 3768 ·
235 3712 300 3778 ait:
327 3713 478 3778 Oomlmit
500 3722 602 3777 cotem
630 3712 716 3777 Dacos
741 3711 862 3777 ⁸omoio
887 3712 923 3776 io
945 3710 1169 3790 iocrodalitate,
1196 3719 1231 3777 cl
1255 3713 1388 3776 omnium

284 3908 295 3942 ²
313 3909 426 3972 Domino,
441 3909 494 3970 Cn,
507 3909 598 3972 Voss,
613 3909 677 3960 Fau.
695 3925 784 3974 marg„
885 3907 897 3941 ⁴
913 3910 998 3970 τούτῳ.

235 3992 267 4042 al.
280 3992 339 4041 Deo.
886 3989 1186 4054 'ammmomittsd
1201 3992 1388 4044 Gaandvoss.

284 4071 398 4123 ’Servus
414 4072 525 4123 Domini.
548 4072 626 4123 Jeme
638 4072 721 4123 LXX.
738 4074 787 4122 dod·
886 4071 1199 4138 ‘tamallumensi
1218 4075 1388 4138 Cf.133,n.n.

236 4156 379 4217 λοιιίουςΚρ
393 4157 507 4217 eratali-y
542 4155 591 4204 illi
605 4155 670 4203 enim
685 4153 706 4188 ”’
729 4155 787 4211 ‘tan
886 4152 1388 4220 'Gaannproposcstorcadopcrntiooia

236 4235 316 4297 legisse
346 4237 461 4285 vitimiro·
485 4252 534 4298 pro
564 4237 631 4293 ’Ὃν
661 4236 785 4286 limma.
837 4237 1071 4287 butanaltaration
1082 4239 1110 4287 oi
1122 4239 1166 4288 the
1176 4240 1349 4303 punctuation,
1363 4255 1390 4286 as

238 4315 339 4363 Ganss.
838 4318 925 4379 above,
947 4320 1032 4369 makes
1050 4321 1083 4369 all
1101 4320 1173 4370 clear.
1204 4323 1229 4368 cl
1246 4322 1272 4369 dd
1295 4322 1391 4382 πράξεις

286 4395 375 4444 Malao
400 4399 427 4446 ἐκ
455 4400 548 4459 φύσεως
570 4399 694 4458 νομισθείς.
736 4398 789 4447 Tha
839 4402 883 4448 τοῦ
893 4401 961 4450 θεοῦ.

237 4477 374 4525 remainder
385 4478 414 4526 of
427 4478 477 4527 this
494 4481 620 4529 sectionis
636 4480 789 4545 repeatedin
889 4482 953 4533 ⁸'ld
964 4484 1044 4532 πάντα
1055 4483 1174 4532 Imaum
1181 4482 1392 4545 maismacense

237 4558 377 4620 substance,
390 4558 419 4608 B.
432 4571 458 4610 v.
471 4561 519 4609 end
530 4561 622 4620 ofin.
635 4563 685 4612 aud
696 4575 738 4614 111.
840 4564 939 4625 πάντας,
950 4562 1165 4627 pacilianensis
1177 4563 1255 4614 codd.
1268 4564 1388 4626 habenas,
