3000 4994
428 335 481 390 Aa
507 336 640 389 sonan
666 337 791 389 Panare
814 337 987 392 saucius.
1218 322 1284 388 255

193 487 224 550 2.
260 485 294 550 Si
314 494 420 551 autem
441 487 548 553 credat
572 487 643 573 quis
663 510 760 552 unum
782 488 898 568 Deum,
920 497 953 555 et
975 488 1028 575 qui
1052 487 1160 554 Verbo
1182 486 1287 552 omnia
1328 506 1431 548 nrarv.

126 585 211 665 lecit,
239 589 499 673 quemadmodum
522 595 572 656 ¹et
600 591 711 657 Moses
733 592 798 658 ait.
837 593 932 658 Dicit
953 596 1051 671 Dens,
1071 591 1177 674 fiatl
1176 612 1227 666 sn
1259 599 1287 655 et
1310 554 1446 686 &gg-,gt

117 689 212 772 facta
235 690 308 754 estl
303 714 370 764 aar
398 700 430 757 et
452 692 485 756 in
507 692 679 780 Evangelio
698 693 850 780 legimus:
877 695 987 759 Omnia
1001 717 1064 781 per
1083 696 1181 780 haeum
1192 694 1286 777 Jaeta
1328 692 1423 730 ΨΜ·

128 802 206 869 enat,
220 802 248 857 et
266 794 330 857 aine
345 795 408 879 ipso
418 797 545 880 factam
566 805 608 860 est
626 795 726 870 arihel,-
750 806 782 861 et
797 798 970 883 Apostolus
987 797 1105 863 Paulus
1125 795 1284 864 similiter:
1299 803 1402 888 {gg-{j}

25 906 108 952 ΜΟ·
137 896 223 961 Unus
241 898 400 976 Dorulaus,
421 921 484 962 nna
496 900 586 981 fides,
607 922 701 964 nauta
722 898 880 986 baptismo,
903 924 981 965 anna
1002 901 1087 965 Deus
1107 911 1135 965 et
1161 900 1285 978 Potest,
1299 895 1439 982 {Phfflth

130 1001 183 1083 qui
194 1011 235 1065 est
245 1023 337 1086 anper
349 1024 447 1065 ornam
460 1007 505 1066 θαι
510 1025 571 1087 per
581 1005 692 1081 omnia,
705 1012 733 1067 et
746 1004 781 1066 ia
795 1002 928 1068 omnibus
938 1003 1036 1078 actim
1053 1004 1104 1068 hic
1115 1002 1214 1089 primo
1225 1001 1286 1065 erit

127 1111 227 1167 tennes
248 1115 350 1190 caput,
371 1127 408 1169 en
428 1127 484 1192 quo
510 1115 601 1170 totam
623 1127 731 1193 eorpus
747 1115 930 1191 compactum
948 1116 976 1171 et
996 1128 1159 1171 amoenum
1180 1114 1208 1169 et
1223 1126 1285 1190 per
1300 1116 1452 1203 {rggglp

126 1229 240 1270 cirenem
242 1208 425 1292 juncturam
435 1208 722 1274 subministrationis
733 1211 766 1274 io
776 1231 918 1274 masura
929 1210 1162 1297 antaeoojraqee
1165 1210 1281 1296 partes,

126 1310 341 1374 incrementum
357 1314 492 1397 corporis
499 1313 597 1397 facit,
613 1315 647 1377 ia
662 1314 891 1396 aedificationem
904 1315 954 1378 sui
969 1316 1004 1378 in
1024 1315 1162 1379 caritate.
1204 1313 1284 1377 Post

126 1413 239 1480 deinde
264 1424 297 1480 et
321 1417 422 1482 omnis
449 1439 552 1483 sermo
577 1418 606 1483 ei
629 1420 795 1499 constabit,
817 1420 898 1485 siet
920 1419 1097 1506 Scripturas
1119 1419 1284 1505 diligenter

126 1516 236 1604 legerit
256 1519 340 1604 apud
360 1542 415 1585 eos
436 1521 489 1607 qui
512 1522 546 1586 in
568 1522 713 1588 Ecclesia
731 1530 804 1587 sunt
827 1523 1010 1610 presbyteri,
1031 1523 1115 1609 apud
1135 1543 1213 1609 quos
1233 1530 1283 1586 est

127 1621 312 1707 Apostolica
333 1623 485 1704 doctrina,
513 1625 773 1710 quemadmodum
797 1625 1085 1691 demonstravimus
1135 1624 1281 1710 Apostoli

126 1725 341 1792 enimomnes
365 1727 428 1792 duo
451 1729 577 1815 quidem
601 1729 805 1795 Testamenta
831 1730 864 1794 in
887 1729 1008 1794 duobus
1032 1727 1154 1816 populis
1186 1728 1284 1794 luisse

126 1831 315 1897 docuerunt:
344 1856 441 1899 unum
461 1843 567 1900 autem
590 1843 623 1900 et
644 1835 777 1900 eundem
796 1857 865 1900 esse
885 1834 1000 1912 Deum,
1023 1833 1074 1918 qui
1096 1831 1283 1920 disposuerit
1324 1912 1327 1917 Ι

127 1944 257 2021 utraque
277 1937 317 2000 ad
334 1937 502 2003 utilitatem
520 1938 692 2016 hominum,
708 1938 879 2002 secundum
893 1937 994 2024 ⁴quod
1009 1937 1213 2002 Testamenta
1227 1935 1282 2001 da·

125 2037 247 2116 bantur,
275 2037 327 2125 qni
354 2040 544 2127 incipiebant
573 2041 698 2106 credere
728 2041 808 2119 Deo,
838 2063 879 2105 ex
908 2041 976 2127 ipsa
1004 2039 1282 2105 demonstravimus

127 2141 350 2226 Apostolorum
364 2143 506 2208 doctriua
525 2145 558 2209 iu
577 2144 671 2209 tertio
685 2143 782 2209 libro:
806 2152 839 2209 et
854 2144 1000 2230 quoniam
1015 2165 1078 2208 uon
1093 2144 1202 2222 otiose,
1222 2164 1281 2208 nee

125 2242 250 2324 faretra,
266 2251 339 2309 taut
353 2256 389 2310 ut
405 2247 540 2325 obvenit,
556 2247 665 2311 datum
684 2255 733 2312 est
755 2246 841 2332 prius
862 2246 1117 2321 Testamentum
1141 2246 1198 2311 sed
1212 2245 1281 2311 illos

126 2346 250 2432 quidem
271 2348 383 2434 quibus
402 2348 544 2428 dabatur,
567 2348 601 2413 in
622 2348 803 2414 servitutem
825 2348 886 2414 Dei
909 2352 1116 2414 ⁶conourvans
1136 2348 1177 2412 ad
1199 2346 1282 2412 utili·

125 2456 224 2512 tatem
245 2471 362 2527 eorum,
384 2472 447 2515 non
469 2451 552 2515 enim
576 2451 695 2537 indiget
716 2451 805 2515 Deus
829 2452 870 2515 ab
889 2450 1066 2516 hominibus
1089 2450 1281 2530 servitutem,

124 2558 234 2637 typum
248 2562 354 2618 autem
365 2553 538 2619 coelestium
549 2554 726 2632 ostendens,
743 2553 889 2640 quoniam
901 2554 1039 2618 nondum
1053 2560 1176 2638 poterat
1187 2552 1296 2617 homo‘

126 2675 181 2738 per
205 2656 362 2740 proprium
385 2657 484 2722 visum
508 2657 611 2722 videre
636 2678 707 2743 quae
732 2664 807 2721 sunt
832 2655 911 2720 Dei:
945 2664 979 2720 et
1000 2655 1152 2741 imagines
1173 2676 1281 2719 eorum

126 2779 195 2844 quae
210 2759 331 2823 suntin
349 2759 492 2825 Ecclesia
506 2761 718 2846 praefigurans,
739 2768 774 2823 ut
792 2759 882 2823 firma
901 2779 1023 2845 eaquae
1038 2758 1208 2822 secuudum
1223 2779 1281 2824 nos

126 2869 175 2926 est
203 2862 259 2926 fiat
287 2862 374 2941 fides,
406 2870 439 2928 ct
467 2863 663 2948 prophetiam
684 2863 860 2927 futurorum
883 2861 1058 2940 continens,
1082 2869 1119 2929 ut
1144 2861 1279 2927 disceret

126 2963 219 3030 homo
233 2965 398 3051 praescium
413 2987 481 3031 esse
496 2964 635 3030 omnium
650 2966 766 3032 Deum.

126 3144 179 3192 tion
198 3144 227 3192 of
246 3143 317 3208 quari
333 3145 416 3193 before
436 3159 526 3194 carum.
562 3144 615 3193 But
631 3145 681 3194 this
725 3145 779 3194 The
801 3145 880 3193 entire
901 3159 1006 3208 passage
1023 3142 1106 3192 would
1127 3141 1187 3190 read
1203 3141 1241 3191 off
1253 3141 1280 3190 in

126 3225 195 3273 word
220 3226 336 3288 together
363 3226 425 3274 with
449 3240 532 3274 casnm
561 3226 681 3275 indieatea
728 3226 817 3286 Greek,
838 3227 880 3275 ἕνα
896 3228 923 3276 δὲ
939 3227 979 3273 rat
995 3228 1037 3274 τὸν
1051 3227 1122 3273 αὐτὸν
1137 3226 1195 3272 εἶναι
1212 3224 1279 3283 Θεὸν,

127 3322 241 3369 prauum
247 3326 259 3362 ,·
270 3307 320 3355 and
332 3307 353 3355 il
361 3323 398 3354 we
409 3306 488 3355 admit
500 3307 549 3356 this
558 3308 578 3356 it
589 3308 639 3356 will
650 3309 681 3357 be
727 3309 768 3357 τὸν
782 3310 918 3358 διατιθέντα
931 3309 975 3358 τὰς
989 3308 1127 3369 ἀμφοτέρας
1142 3308 1174 3356 alr
1188 3307 1217 3355 τὸ
1232 3307 1280 3353 τῶν

126 3388 231 3437 difficult
242 3394 269 3437 to
284 3389 368 3452 assign
385 3404 401 3437 a
411 3405 499 3437 reason
511 3390 550 3437 tor
560 3389 681 3454 rejecting
728 3390 858 3452 ἀνθρώπων
873 3391 1001 3452 ὠφέλιμον,
1021 3388 1084 3453 (καθ’
1099 3390 1112 3437 b
1127 3389 1245 3448 ἐδόθησαν
1256 3388 1281 3436 al

126 3470 169 3518 the
181 3471 319 3518 remaindcr
327 3471 406 3519 ottho
416 3471 559 3519 Cnnnnon'n
568 3471 677 3534 reading,
728 3470 857 3535 διαθήκαι,)
880 3473 928 3520 τῶν
947 3472 1085 3530 μελλόντων
1105 3472 1226 3519 amineo
1249 3471 1281 3520 als

126 3552 257 3616 especially
282 3553 348 3600 since
371 3553 392 3601 it
409 3559 507 3600 returns
527 3553 620 3601 witha
636 3568 679 3600 na·
726 3554 768 3601 τὸν
785 3553 853 3603 θεόν,
888 3554 939 3602 An.
952 3552 1023 3601 reads
1033 3550 1104 3614 quod.

126 3633 193 3681 tural
203 3649 258 3681 ease
269 3633 322 3681 into
334 3634 378 3682 the
389 3633 472 3682 Greek
482 3637 639 3695 γινώσκοντες
650 3635 680 3683 τὸ
775 3633 855 3684 ⁶Ala
877 3636 952 3683 omits
974 3641 1024 3694 out,
1044 3633 1094 3681 and
1105 3631 1205 3695 fntatra
1221 3646 1280 3694 may

127 3715 234 3763 daturos
245 3717 285 3764 καὶ
297 3717 384 3764 εἰκαῖον
394 3718 438 3764 τοῦ
449 3717 568 3777 δόγματος
580 3717 666 3766 αὐτῶν.
726 3716 789 3765 have
800 3717 862 3765 been
873 3717 1002 3780 marginal,
1016 3732 1037 3764 e.
1048 3731 1073 3778 g.
1092 3716 1120 3762 od
1135 3715 1212 3773 κενῶς,
1226 3714 1280 3762 οὐδὲ

174 3794 230 3847 ¹et.
254 3796 309 3857 On,
322 3797 411 3857 Voss„
425 3798 535 3846 butAn.
549 3796 608 3860 ipse.
726 3800 854 3871 rogirfart.

173 3877 316 3941 'omniura
334 3881 412 3929 found
425 3882 450 3928 in
465 3881 508 3930 the
522 3881 612 3941 Voss,
628 3896 679 3929 was
774 3877 956 3927 ‘concurvana
1002 3874 1153 3925 Massun'fl
1175 3874 1280 3938 reading

124 3960 204 4008 added
222 3977 255 4009 no
273 3962 352 4011 doubt
372 3963 436 4011 from
453 3964 496 4012 the
511 3964 596 4012 sacred
613 3967 676 4012 text.
725 3959 852 4009 extraeted
862 3959 927 4007 from
941 3959 984 4007 the
1000 3957 1099 4006 eman.
1116 3956 1182 4016 MS,
1197 3956 1279 4005 which

124 4042 203 4090 There
215 4043 235 4090 ia
247 4059 280 4090 no
292 4044 363 4091 other
375 4043 432 4092 MS.
446 4045 575 4108 authority
585 4044 625 4092 for
635 4044 679 4092 the
725 4042 770 4091 bas
792 4055 940 4091 consumas
956 4040 1017 4088 with
1036 4055 1048 4088 c
1067 4039 1167 4086 written
1184 4038 1278 4099 abovs;

124 4123 200 4183 word,
214 4124 264 4171 and
275 4125 295 4172 it
307 4125 328 4173 is
339 4125 469 4175 canoelled.
726 4123 768 4172 the
779 4124 830 4172 Aa.
843 4122 893 4170 and
904 4123 975 4170 other
985 4120 1061 4169 MSS.
1071 4135 1221 4180 coaeum,
1232 4120 1279 4169 but

173 4204 184 4238 ³
200 4213 221 4255 et
231 4221 258 4268 p.
271 4222 292 4255 o.
312 4207 363 4257 As.
378 4207 425 4256 but
435 4213 480 4257 not
491 4207 517 4256 in
529 4206 583 4265 On,
594 4205 677 4257 Voss.
725 4206 768 4253 the
776 4204 844 4253 word
855 4220 902 4252 ean
913 4204 986 4252 malae
997 4219 1030 4251 no
1041 4219 1119 4253 sense.
1150 4203 1277 4263 madar·

173 4286 184 4318 ⁴
201 4287 331 4336 Massusr
341 4289 413 4337 rosels
423 4287 554 4337 madum
565 4301 629 4350 quoa,
644 4302 677 4336 on
726 4304 774 4335 rur
791 4286 873 4334 would
891 4285 922 4333 be
939 4285 1080 4349 expressiva
1094 4285 1123 4332 ot
1132 4285 1204 4333 those
1221 4283 1277 4333 who

125 4371 167 4419 the
180 4370 231 4420 solo
248 4371 377 4435 authority
391 4371 420 4418 ot
433 4371 475 4418 the
492 4370 592 4417 cml.
605 4382 678 4431 copy,
725 4384 789 4416 wera
799 4367 908 4430 brought
918 4365 998 4415 under
1008 4366 1051 4414 the
1062 4365 1118 4426 law,
1126 4381 1154 4415 aa
1163 4366 1205 4415 the
1213 4367 1277 4416 neck

126 4451 172 4500 but
184 4453 204 4500 it
216 4453 237 4501 is
248 4451 353 4502 difficult
368 4457 395 4501 to
409 4468 449 4500 soe
463 4452 505 4500 the
521 4447 677 4499 antecedent.
727 4449 755 4497 ol
763 4449 806 4496 the
817 4453 882 4496 steer
892 4447 913 4495 is
924 4446 985 4494 bant
996 4450 1023 4495 to
1034 4446 1077 4495 the
1088 4447 1159 4513 yoke.
