3000 4994
116 516 169 556 tna
178 515 205 557 V.

129 564 191 601 aaa

95 608 140 648 GR
151 609 178 648 V.
186 618 223 648 xv.

102 655 179 695 Mass.
189 654 215 694 V.

125 711 161 741 xv.
172 703 191 741 8.

87 774 235 786 ..-

248 323 315 388 366
569 335 703 390 ocvms
726 335 850 389 vrsurr
879 334 1068 386 nnunmm

248 491 288 570 ei,
313 491 368 578 qai
399 510 446 553 ora
477 490 645 576 aeprepaoit
674 511 711 554 ea
739 497 824 554 atero
853 487 964 552 roatria
995 508 1078 565 mccc,
1099 486 1147 551 ati
1173 483 1409 571 manditarent

248 615 315 659 eam
335 595 369 657 io
387 592 536 678 pactibus.
580 592 660 657 (lum
680 614 755 679 ergo
777 592 809 655 in
825 601 931 656 ventre
953 612 973 655 a
990 589 1096 654 Verbo
1111 589 1309 675 plasmemur,
1330 587 1408 672 idip-

247 718 316 761 sum
333 694 475 760 Verbum
493 695 533 773 ei,
549 695 603 782 qui
617 718 637 760 a
656 696 820 760 nativitate
841 716 944 759 caecus
958 694 1069 770 luerat,
1085 692 1228 756 formavit
1247 691 1406 768 visionem,

247 821 319 864 eum
340 799 392 884 qui
413 798 446 862 iu
467 798 651 863 abscondito
673 797 844 884 plasmator
867 804 972 860 noster
996 803 1045 860 est
1068 795 1101 859 in
1121 794 1286 858 manifesto
1304 801 1408 857 osten·

249 902 335 980 dens,
357 902 504 987 quoniam
519 901 621 986 ipsum
644 901 786 966 Verbum
806 900 1006 964 manifestum
1026 897 1203 962 hominibus
1221 897 1340 961 factum
1360 895 1406 959 lu-

249 1013 334 1069 erat:
365 1014 398 1068 et
420 1004 581 1090 antiquam
606 1003 843 1089 plasmationem
872 1002 954 1065 Adae
985 1001 1167 1076 ¹disserens,
1194 1008 1226 1063 et
1253 999 1409 1084 quomodo

249 1108 352 1173 lactus
374 1115 433 1184 est,
455 1115 488 1171 et
513 1129 684 1193 perquam
707 1107 878 1191 plasmatus
899 1113 948 1168 est
974 1126 1111 1180 manum,
1134 1124 1173 1167 ex
1196 1110 1284 1186 parte
1306 1110 1409 1166 totum

250 1209 428 1275 ostendens.
474 1210 535 1292 Qui
561 1211 645 1275 enim
671 1209 820 1274 visionem
847 1207 992 1270 formavit
1014 1205 1179 1280 Dominus,
1205 1205 1256 1269 hic
1285 1204 1409 1289 estqui

252 1311 429 1376 universum
450 1311 609 1377 hominem
631 1310 803 1389 ²l'om1avit,
826 1308 978 1374 voluntati
1005 1308 1112 1373 Patris
1133 1307 1319 1372 deserviens.
1365 1307 1410 1371 Et

252 1413 398 1498 quoniam
413 1414 446 1477 iu
461 1414 513 1477 illa
528 1413 742 1498 plasmatione,
758 1433 827 1498 quae
842 1411 1014 1476 secundum
1033 1411 1157 1476 ².Adam
1177 1410 1245 1488 fuit,
1262 1411 1296 1473 in
1310 1418 1411 1474 trans·

252 1516 412 1604 gressione
427 1517 528 1582 lactus
543 1518 647 1595 bomo,
664 1515 824 1602 indigebat
838 1514 960 1578 lavacro
974 1512 1228 1600 regenerationis,
1244 1521 1410 1598 postquam

252 1624 354 1689 linivit
373 1623 475 1689 lutum
494 1646 588 1710 super
606 1624 712 1689 oculos
733 1625 813 1710 ejus,
833 1622 914 1687 dixit
931 1623 979 1686 ei:
1011 1621 1097 1687 Vade
1114 1623 1149 1686 io
1169 1622 1296 1700 Siloam,
1315 1630 1344 1685 et
1363 1622 1410 1687 aa

253 1750 347 1801 cara·
371 1727 463 1792 simul
477 1737 510 1792 et
531 1727 777 1813 plasmationem,
792 1734 825 1791 et
840 1748 910 1791 eam
929 1748 1000 1811 quae
1019 1735 1068 1791 est
1081 1748 1138 1812 per
1154 1725 1309 1791 lavacrum
1324 1747 1410 1812 rege·

253 1831 445 1895 nerationem
468 1831 637 1896 restituens
658 1830 698 1896 ei.
736 1830 781 1894 Et
803 1838 930 1916 propter
951 1829 1010 1895 hoc
1032 1830 1114 1894 lotus
1132 1829 1215 1894 venit
1234 1829 1352 1906 videns,
1375 1838 1411 1895 ut

253 1940 287 1996 et
301 1953 393 1996 suum
411 1941 612 2019 cognosceret
632 1932 861 2019 plasmatorem,
877 1941 910 1998 et
929 1932 1061 1999 disceret
1080 1934 1174 1997 homo
1193 1955 1266 1997 eum
1283 1933 1335 2019 qui
1355 1934 1409 1997 do-

254 2034 340 2099 navit
355 2034 384 2098 ei
398 2034 506 2101 vitam.
1233 2029 1234 2032 ¹

320 2141 352 2204 4.
396 2137 556 2204 Excidunt
571 2139 677 2224 itaque
691 2146 724 2204 et
738 2138 771 2202 hi
787 2140 874 2225 quia
891 2139 1061 2204 Valentino
1079 2147 1163 2218 suut,
1178 2140 1327 2218 dicentes,
1348 2161 1410 2205 non

254 2261 295 2304 ex
316 2240 375 2304 hac
394 2248 477 2305 terra
494 2241 682 2327 plasmatum
702 2264 772 2307 esse
793 2243 961 2322 hominem,
980 2243 1037 2308 sed
1055 2247 1092 2308 ³a
1113 2241 1210 2307 fluida
1229 2244 1359 2308 materia
1378 2251 1411 2310 et

254 2343 362 2410 effusa.
400 2344 452 2408 Ex
472 2367 534 2430 qua
548 2345 632 2411 enim
652 2354 736 2410 terra
755 2344 930 2410 ⁴Domiuus
943 2345 971 2411 ei
992 2345 1135 2411 lomravit
1155 2345 1271 2424 oculos,
1292 2369 1332 2412 ex
1351 2348 1410 2412 hac

255 2447 454 2512 manifestum
473 2457 524 2514 est
544 2449 690 2536 quoniam
708 2458 741 2514 et
752 2450 800 2514 ab
821 2449 909 2514 initio
930 2449 1102 2537 plasmatus
1121 2459 1170 2516 est
1188 2451 1292 2516 homo.
1337 2452 1410 2517 Non

255 2550 337 2616 enim
353 2572 546 2638 consequens
560 2561 638 2630 erat,
653 2551 777 2617 aliunde
791 2552 933 2639 iquidem
949 2553 1063 2631 oculos,
1079 2554 1202 2620 aliunde
1221 2563 1327 2619 autern
1342 2556 1411 2621 reli-

255 2675 351 2738 quum
366 2676 478 2740 corpus
493 2654 680 2741 plasmatum
695 2677 782 2721 esse:
800 2656 1060 2742 quemadmodum
1072 2679 1130 2722 nec
1145 2679 1337 2743 consequens
1351 2668 1410 2738 est,

255 2757 387 2821 alterum
417 2757 561 2843 ⁰quidem
587 2780 708 2844 corpus,
734 2758 866 2823 alterum
892 2780 964 2823 vero
992 2759 1162 2845 plasmasse
1189 2761 1303 2826 oculos.
1349 2762 1412 2826 Sed

257 2859 339 2923 idem
359 2860 425 2945 ipse
446 2860 499 2945 qui
516 2861 557 2925 ab
575 2861 665 2926 initio
686 2861 849 2946 plasmavit
871 2861 988 2939 Adam,
1009 2885 1080 2927 cum
1101 2885 1162 2948 quo
1184 2872 1216 2927 et
1230 2863 1414 2950 loquebatur

258 2961 372 3026 Pater:
395 2963 566 3027 Faciamus
586 2964 734 3027 dominam
753 2964 915 3028 secundam
934 2965 1096 3050 inopinam
1118 2976 1146 3029 et
1166 2967 1414 3032 similtudinem

257 3073 406 3138 matroon
430 3064 463 3128 iu
483 3065 659 3130 novissimis
672 3068 865 3152 temporibus
879 3067 1080 3153 semetipsum
1099 3069 1302 3134 manifestans
1315 3069 1415 3134 homi-

257 3167 360 3241 nibus,
377 3167 405 3230 ei
421 3166 474 3251 qui
489 3168 529 3231 ab
544 3169 649 3232 Adam
661 3191 762 3234 caecus
778 3178 855 3248 erat,
871 3170 1015 3235 formavit
1030 3170 1192 3237 visionem.
1231 3171 1275 3236 Et
1290 3182 1416 3257 propter

256 3268 316 3334 hoc
332 3268 492 3355 Scriptura
505 3269 685 3355 significans
699 3274 781 3357 quod
795 3274 932 3338 futurum
949 3282 1026 3353 erat,
1041 3275 1097 3353 ait,
1109 3274 1293 3340 abscondito
1309 3277 1415 3341 Adam
1428 3304 1452 3343 o.
1461 3304 1495 3342 aa

256 3380 382 3457 propter
402 3371 653 3453 inobedientiam,
676 3373 847 3439 Dominum
862 3375 983 3441 venisse
999 3398 1125 3463 vespere
1139 3377 1179 3442 ad
1194 3400 1275 3456 eum,
1292 3387 1325 3444 et
1344 3401 1414 3444 evo·

256 3496 344 3540 casse
361 3497 443 3551 eum,
463 3483 496 3540 et
517 3475 660 3540 dixisse:
691 3476 753 3541 Udi
768 3478 817 3542 aa?
851 3478 925 3544 Hoc
939 3487 998 3554 est,
1021 3481 1167 3565 quoniam
1187 3481 1220 3545 iu
1240 3481 1415 3546 novissimis

256 3579 447 3665 temporibus
461 3578 595 3665 idipsum
609 3580 693 3645 venit
711 3579 852 3646 Verbum
868 3581 929 3647 Dei
944 3582 1094 3648 advocare
1113 3583 1281 3663 hominem,
1297 3607 1414 3650 recom-

307 3799 317 3832 ¹
335 3801 458 3862 dtraereoa,
473 3802 579 3866 perhaps
593 3802 733 3863 ἑρμηνεύων,
746 3803 810 3851 asin
863 3803 925 3853 Did.
943 3805 984 3855 Or.
1002 3806 1052 3853 and
1067 3805 1196 3854 Tanaum.
1214 3806 1239 3854 in
1251 3807 1294 3855 the
1305 3812 1371 3857 note.

257 3884 339 3932 Tunc.
350 3902 356 3944 ;
370 3885 428 3932 that
437 3884 506 3932 word
517 3884 635 3947 meaning
644 3892 666 3932 to
678 3884 752 3947 spark
761 3892 809 3935 ont.
876 3920 884 3931 .
912 3883 924 3915 ⁴
940 3885 1069 3948 Dominus,
1083 3887 1194 3950 Canum,
1208 3889 1270 3950 Ara,
1279 3888 1360 3938 Voss.
1380 3889 1412 3938 al.

258 3965 379 4014 Hasrcfl.
394 3965 445 4013 also
456 3965 556 4013 rendere
568 3966 589 4013 it
600 3965 633 4029 by
646 3967 748 4028 φράζων.
864 3966 937 4015 Deua.

307 4045 319 4076 ⁹
332 4046 385 4107 Cn,
396 4048 457 4107 Aa,
465 4047 556 4109 Voss,
564 4048 737 4110 arnamar
754 4049 809 4104 On..
913 4047 923 4078 ¹⁵
940 4048 1035 4110 quidem
1047 4051 1151 4099 omitted
1163 4051 1262 4100 Carnu.

257 4127 349 4188 Voss„
361 4128 426 4177 Vna.
439 4128 532 4178 Adam.
566 4130 617 4178 Aa.
627 4131 759 4180 secundam.
770 4132 810 4180 lro-
913 4129 924 4161 ⁸
941 4131 991 4179 For
1002 4133 1098 4194 quidem
1109 4134 1154 4183 Cn.
1165 4135 1214 4182 and
1223 4135 1273 4184 Aa.
1284 4135 1345 4183 both
1352 4136 1416 4184 have

259 4209 348 4257 roi-ocor
359 4216 400 4258 ert.
577 4245 585 4261 .
864 4228 924 4262 varo.

308 4288 318 4320 ³
335 4306 351 4336 a
362 4288 448 4350 fluida
458 4290 561 4338 malma
571 4298 592 4338 ct
602 4291 683 4353 cffmn.
703 4294 745 4340 οὐκ
762 4294 811 4341 ἀπὸ
913 4293 924 4326 ⁷
939 4296 1071 4344 sociandam
1078 4298 1098 4345 ia
1105 4299 1221 4362 repeated
1231 4299 1258 4346 in
1265 4299 1307 4346 the
1314 4299 1415 4349 Currit.

259 4371 349 4427 ταύτης
367 4371 392 4418 δὲ
409 4372 452 4429 τῆς
469 4372 540 4432 ξηρᾶς
553 4374 606 4433 γῆς,
627 4373 682 4421 ἀλλ’
704 4374 752 4422 ἀπὸ
768 4376 811 4433 τῆς
864 4391 891 4425 aa
902 4377 928 4426 in
940 4378 1028 4427 LXX.

261 4450 364 4511 ἀοράτου
381 4454 467 4513 οὐσίας,
488 4455 536 4501 ἀπὸ
557 4455 600 4502 τοῦ
622 4456 751 4515 κεχυμένον
772 4459 812 4505 καὶ
913 4457 924 4491 ⁸
940 4460 963 4508 ci
973 4461 994 4508 is
1001 4461 1058 4509 here
1065 4461 1195 4522 cancelled,
1206 4466 1250 4510 not
1257 4462 1331 4526 being
1338 4462 1416 4511 found

260 4532 360 4594 ῥουοτοῦ
374 4537 417 4594 τῆς
432 4534 490 4595 ὕλης
505 4537 622 4600 λαβόντα.
649 4550 668 4587 1.
681 4555 706 4601 p.
725 4553 765 4602 49,
778 4540 809 4587 cl.
864 4541 890 4589 iu
903 4542 1057 4591 thecatum.
1070 4545 1218 4595 orAavttD.
1232 4544 1309 4594 MSS.
