3000 4994
472 397 665 451 uamuxm
691 397 958 453 avuueumuu.
1222 383 1289 450 385

36 573 62 614 o.
72 576 114 614 us.
136 549 222 614 Deus
239 549 295 636 qui
304 550 455 633 justificat
472 550 727 614 circumcisionem
742 550 862 632 eefide,
878 557 907 614 et
913 550 1106 636 preputium
1114 551 1289 636 perfidem.
1329 571 1424 659 affl

138 652 172 716 si
183 651 267 716 enim
277 651 357 715 alius
371 652 441 737 quis
451 661 519 717 erat
533 673 627 737 super
641 651 724 717 huno
738 653 894 737 perfectus
909 659 1007 738 pater,
1024 673 1218 737 nequaquam
1234 673 1289 736 per
1309 664 1452 753 ffiffixjt

136 755 229 841 hujus
243 776 401 820 sermones
415 762 447 819 et
465 763 621 841 praeeepta
635 754 839 820 destruxisset
859 755 1018 820 Setanam.
1057 753 1126 820 Nee
1140 755 1224 820 euim
1243 755 1288 841 ig·
1304 756 1453 842 Q

136 857 280 922 norantia
294 879 349 942 per
362 857 492 921 alteram
507 865 611 942 potest
626 856 765 922 ¹dissolvi
780 858 1006 944 ignorantiam
1029 857 1288 943 quemadmodum
1302 865 1442 907 Mam

137 979 237 1044 neque
256 979 312 1043 per
333 958 433 1023 labem
457 957 543 1023 labes
562 958 714 1023 evacuari.
750 959 784 1022 si
809 958 905 1045 igitur
925 959 977 1023 lex
999 981 1039 1024 ex
1060 959 1235 1046 ignorantia
1256 967 1290 1025 et

137 1059 207 1125 labe
221 1069 280 1139 eet,
298 1061 452 1146 quomodo
466 1061 632 1125 sementim
652 1081 722 1146 quae
742 1060 831 1126 inea
850 1069 934 1139 suut,
955 1061 1126 1128 ²diaboliea
1145 1061 1289 1149 ignoran-

135 1163 183 1226 tia
203 1163 321 1228 solvere
342 1171 496 1248 poterant,
521 1171 554 1227 et
573 1164 685 1227 fortem
706 1162 851 1228 vincere?
889 1164 999 1251 Neque
1021 1165 1105 1230 euim
1126 1187 1147 1230 a
1166 1164 1288 1244 minori,

136 1287 238 1350 neque
258 1267 299 1330 ab
320 1266 431 1350 aequali
453 1266 543 1331 fortis
564 1266 645 1330 vinei
668 1274 791 1350 potest3
814 1267 871 1332 sed
887 1269 928 1333 ab
948 1290 987 1333 eo
1008 1268 1061 1355 qui
1081 1269 1152 1356 plus
1173 1275 1288 1355 potest.

138 1367 216 1432 Plus
234 1377 341 1433 autem
361 1376 464 1455 potest
478 1390 571 1453 super
586 1369 691 1432 omnia
706 1369 847 1434 Verbum
868 1370 940 1448 Dei,
956 1370 1009 1456 qui
1027 1371 1060 1435 in
1078 1370 1147 1458 lege
1161 1371 1288 1459 quidem

137 1470 337 1536 vociferatur:
357 1471 449 1536 Audi
465 1471 577 1548 Israel,
597 1471 748 1536 Dominus
764 1472 850 1537 Deus
867 1482 946 1550 tum,
961 1473 1047 1538 Deru
1063 1494 1142 1538 uuus
1159 1483 1219 1547 θείς
1242 1480 1286 1552 et,
1300 1502 1456 1550 owenus,

138 1573 257 1659 Diiipee
267 1575 434 1639 Dominum
445 1575 546 1639 Deum
560 1583 646 1639 tuum
657 1597 694 1639 eo
708 1584 769 1639 toto
780 1577 887 1639 uairuu
901 1577 972 1650 tuo;
989 1584 1032 1653 et,
1043 1575 1122 1641 duno
1132 1574 1286 1654 adorabis,
1301 1550 1329 1589 ω’

138 1685 167 1739 et
179 1676 251 1740 doio
261 1677 333 1741 ³soti
343 1679 463 1742 seruies.
494 1677 533 1740 In
546 1677 716 1764 Evangelio
730 1686 836 1743 autem
847 1699 902 1763 per
911 1677 969 1742 hes
981 1678 1106 1743 easdem
1116 1678 1289 1743 sententias

138 1778 301 1845 destruens
314 1780 513 1866 apostasiam,
529 1789 562 1845 et
577 1781 684 1846 Patris
698 1802 774 1846 voee
788 1780 901 1847 devicit
915 1781 1037 1859 fortem,
1053 1790 1086 1847 et
1100 1782 1179 1869 legis
1193 1786 1290 1868 ⁴prae-

137 1890 263 1969 ceptum
277 1905 350 1948 suas
365 1883 537 1948 sententias
551 1884 727 1962 confitetur,
743 1884 867 1950 dieeus:
890 1884 965 1948 Noa
980 1884 1107 1949 tmtodis
1121 1885 1288 1950 Domiomu
1303 1913 1428 1958 assues,

138 1985 240 2049 Deum
254 1995 348 2051 tuum.
395 1987 463 2052 Nee
478 1986 560 2051 enim
576 2009 631 2073 per
645 1986 789 2064 alienam,
805 1986 861 2053 sed
880 2009 935 2073 per
949 1986 1105 2073 propriam
1121 1986 1227 2052 Patris
1241 1987 1289 2052 sui
1303 1959 1398 2047 idm
1408 1959 1437 1999 'L

134 2089 325 2153 ‘senteutiam
337 2088 490 2154 destruxit
504 2090 723 2169 adversarium,
739 2098 772 2155 et
786 2091 900 2156 fortem
915 2090 1000 2156 vieit.

204 2194 235 2255 2.
268 2190 299 2254 N
301 2212 337 2255 os
350 2200 455 2256 autem
467 2192 586 2257 solutos
600 2214 655 2276 per
669 2192 770 2278 ipsum
785 2201 976 2279 praeceptum
989 2192 1105 2271 docuit,
1121 2193 1292 2258 esurientes

41 2314 122 2354 nmo
139 2293 264 2379 quidem
282 2294 435 2358 sustinere
457 2315 527 2358 eam
547 2316 657 2381 quseia
679 2297 750 2359 Deo
772 2294 873 2372 datur,
896 2316 1020 2369 eseam;
1045 2295 1078 2358 iu
1099 2295 1291 2359 sublimitate

137 2404 243 2459 autem
259 2395 378 2482 positos
392 2396 525 2461 universi
539 2396 763 2473 ⁶oharismatis,
778 2396 826 2460 vel
845 2395 877 2459 in
892 2396 1035 2482 operibus
1050 2396 1182 2482 justitiae
1197 2394 1292 2461 eonfi-

139 2498 258 2576 dentes‚
284 2498 332 2563 vel
354 2497 590 2563 ministrationis
616 2498 877 2584 supereminentia
898 2499 1076 2576 adornatos,
1097 2519 1293 2585 nequaquam

138 2600 256 2680 extolli,
278 2623 379 2687 neque
398 2609 519 2665 tentare
537 2601 652 2678 Deum,
675 2602 731 2665 sed
751 2600 881 2665 humilia
900 2601 1016 2667 sentire
1036 2601 1069 2664 in
1088 2601 1242 2678 omnibus,
1260 2607 1293 2665 et

139 2726 203 2789 prae
221 2727 314 2769 manu
329 2704 453 2781 habere,
472 2705 546 2768 Nou
566 2701 693 2767 tentabis
712 2703 880 2767 Dominum
896 2703 998 2767 Deum
1017 2712 1122 2777 tuetur
1146 2704 1293 2788 quemad-
1307 2693 1452 2779 mm

139 2806 266 2872 modum
280 2816 314 2872 et
328 2807 500 2895 Apostolus
514 2806 630 2884 docuit,
645 2811 715 2871 Non
728 2805 805 2885 olto,
820 2805 936 2881 diceus,
950 2806 1117 2882 sentientes,
1129 2805 1184 2870 sed
1195 2805 1293 2870 dumi-

140 2909 216 2976 iibus
224 2912 448 2976 omumtieates:
461 2932 519 2976 neo
529 2909 654 2988 divitiis,
664 2931 722 2975 nee
732 2908 831 2996 gloria
839 2909 1025 2984 “mundaum
1036 2930 1137 2995 neque
1147 2908 1294 2993 presenti

140 3014 304 3099 phantasia
323 3014 412 3101 oapi:
440 3014 520 3080 seire
545 3022 662 3093 autem,
689 3012 836 3100 quoniam
860 3012 1050 3077 ⁷Dominum
1073 3012 1178 3077 Deum
1203 3020 1293 3075 tuum

140 3117 268 3182 adorare
290 3124 421 3203 oportet,
444 3125 477 3183 et
498 3117 557 3203 ipsi
579 3116 637 3181 soli
655 3115 779 3194 servire,
800 3121 916 3180 etnon
936 3114 1118 3192 crederem,
1142 3114 1194 3200 qui
1215 3113 1294 3178 salso

141 3219 283 3304 promisit
300 3240 339 3283 ea
360 3242 430 3304 quae
450 3242 513 3285 non
530 3228 604 3284 sunt
625 3241 693 3297 sua,
713 3218 836 3284 dicens:
861 3218 939 3281 Hoeo
960 3219 1063 3282 omnio
1081 3215 1138 3282 titi
1158 3215 1245 3294 dudo,
1267 3218 1295 3281 si

134 3324 300 3408 procidens
317 3325 496 3390 adoraveris
515 3346 572 3391 mo.
611 3325 683 3410 Ipse
701 3324 785 3390 enim
805 3324 980 3400 confitetur,
1000 3323 1145 3410 quoniam
1165 3321 1295 3387 adorare

142 3446 213 3488 eum
228 3434 261 3490 et
275 3426 463 3491 voluntatem
484 3429 552 3513 ejus
571 3427 685 3505 faeere,
700 3427 810 3492 cadere
829 3434 878 3492 est
896 3448 916 3490 a
932 3426 1032 3514 gloria
1052 3425 1122 3491 Dei.
1162 3425 1206 3489 Et
1220 3422 1313 3511 quid¹

142 3536 197 3591 aut
219 3549 313 3593 suave
334 3536 389 3593 aut
410 3531 525 3594 bonum
546 3530 731 3617 participare
755 3539 858 3616 potest
880 3530 933 3619 qui
953 3530 1086 3597 eeoiditi
1127 3529 1195 3592 Aut
1219 3527 1294 3614 quid

143 3628 225 3693 aliud
239 3651 362 3714 sperare
377 3630 424 3695 vel
444 3636 641 3716 exspectare
656 3633 709 3718 qui
725 3633 797 3698 talis
811 3641 869 3711 est,
891 3632 950 3696 nisi
966 3632 1113 3697 mortem?
1155 3629 1195 3692 Ei
1210 3627 1294 3692 euim

144 3731 195 3816 qui
215 3732 338 3809 cecidit,
360 3733 500 3819 proxima
518 3755 603 3798 mors
621 3741 681 3800 est.
718 3734 841 3799 Deinde
863 3755 920 3798 nee
940 3732 992 3796 illa
1012 3733 1117 3817 itaque
1135 3752 1205 3815 quae
1225 3751 1294 3815 pro-

143 3833 229 3898 misit
243 3835 413 3919 praestabit.
444 3836 606 3918 Quomodo
621 3836 704 3901 enim
718 3836 880 3923 praestabit
894 3835 933 3911 ei,
946 3834 999 3920 qui
1013 3832 1146 3899 ueeiditi
1172 3830 1295 3897 Deinde

143 3936 289 4020 quoniam
309 3936 487 4003 dominatur
505 3939 693 4017 hominibus,
714 3948 747 4003 et
767 3938 795 4003 ei
812 3937 870 4023 ipsi
891 3936 989 4014 Deus,
1005 3943 1038 4001 et
1051 3935 1176 4000 nolente
1197 3934 1294 3999 Patre
1306 3967 1436 4010 mm

193 4106 327 4157 ¹diseoloi.
362 4108 540 4159 ceramensi.
793 4108 955 4168 ‘masadam
973 4109 1027 4167 On,
1046 4108 1107 4168 Aa,
1120 4107 1197 4166 Vsu,
1211 4107 1291 4156 Voss.

191 4188 203 4220 ¹
219 4189 305 4249 MSS„
314 4190 414 4239 butGa.
423 4190 571 4240 diabolicum
577 4191 693 4254 ipsorum
743 4191 774 4239 al.
787 4189 884 4238 mundi.

143 4270 212 4318 riom.
740 4322 743 4326 A
792 4270 1111 4322 ⁷Domiaum...udorma.
1161 4272 1214 4320 Aa.
1237 4287 1294 4337 sup·

193 4351 204 4384 ³
220 4352 265 4401 soli
273 4352 377 4402 omitted
388 4355 441 4404 Au.
742 4368 838 4417 presses
850 4352 892 4400 tho
904 4352 966 4412 first,
980 4352 1030 4400 and
1041 4352 1080 4401 ior
1089 4353 1133 4401 the
1146 4352 1237 4402 second
1248 4353 1293 4402 has

192 4434 203 4464 ⁴
219 4434 295 4495 Van,
310 4436 361 4485 Gn.
376 4442 504 4498 praeque.
531 4434 613 4484 Voss,
628 4448 692 4496 pra·
742 4432 853 4492 adorari,
867 4433 985 4497 omitting
995 4434 1048 4483 also
1059 4435 1102 4484 the
1113 4440 1134 4483 et
1146 4434 1280 4499 following.

143 4522 213 4579 cepto.
791 4514 803 4547 ⁸
814 4521 889 4578 poten
900 4516 921 4563 is
932 4516 1063 4576 eoneelled,
1074 4521 1120 4566 not
1130 4517 1205 4582 being
1214 4516 1292 4566 found

192 4598 380 4650 ‘curamue
410 4599 463 4650 Aa.
481 4595 626 4648 cirismatis.
741 4597 768 4646 in
779 4597 822 4647 the
834 4598 944 4661 Onnum,
957 4600 1018 4661 Aa,
1026 4600 1115 4662 Voss,
1126 4615 1155 4650 or
1163 4598 1251 4648 Mauo.
1260 4610 1290 4648 11.
