3000 4994
237 350 305 415 244
684 362 930 417 INJUSTORUM

94 537 199 624 nqpiip.
235 517 244 548 ¹
250 513 456 602 participabat
478 522 510 581 et
530 513 673 602 reliquos,
694 514 841 600 quoniam
861 512 1025 600 placebant
1045 511 1111 589 eis‚‘
1122 517 1154 576 et
1171 532 1234 575 una
1251 531 1322 576 eum
1341 510 1387 576 eis

70 630 223 717 flfflppl-
236 620 514 693 eonversabantur3
538 618 598 683 'sio
621 626 654 683 et
679 618 731 683 hio
758 618 908 682 morl-irum
925 619 1114 701 fermentum
1139 624 1229 680 totum
1258 636 1388 678 messem

98 705 211 763 ΨΜ
236 724 431 809 'corrumpit
473 723 517 787 Et
537 721 796 809 quemadmodum
817 721 859 785 ibi
879 721 1026 785 adversus
1044 720 1178 806 injustos
1196 719 1241 782 ira
1259 717 1387 783 deseen-

71 840 194 930 {1252qu
237 826 331 891 debat
350 826 421 903 Dei,
439 832 472 891 et
493 825 544 890 hie
565 825 707 890 similiter
728 824 901 910 Apostolus
921 824 984 887 ait:
1009 822 1219 886 'Revelebitur
1241 822 1320 885 enine
1336 822 1388 885 ire

149 916 155 929 ⁸
236 927 301 992 Dei
312 929 349 992 de
363 928 432 992 eoelo
445 949 538 1015 super
550 949 664 992 ornnem
678 927 861 1013 irnpietetem
876 936 904 990 et
914 926 1097 1012 injustitiam
1111 945 1213 988 eorum
1226 924 1388 1000 lem-inum,

236 1031 291 1115 qui
313 1031 472 1094 veritatem
500 1030 535 1094 in
563 1029 716 1114 injustitie
740 1029 881 1093 detinent.
937 1028 981 1091 Et
1007 1026 1266 1113 quemadmodum
1290 1026 1332 1089 ibi
1357 1027 1389 1089 in

72 1156 222 1198 mannire
236 1132 420 1218 AEgyptios‚
435 1132 488 1218 qui
503 1132 619 1218 injuste
633 1132 802 1218 puniebant
820 1130 926 1209 Israel,
942 1131 1078 1196 vindicta
1092 1151 1112 1194 a
1127 1129 1196 1194 Deo
1212 1129 1318 1206 fiebat,
1342 1129 1389 1193 sio

72 1252 222 1341 poenulo,
236 1243 269 1299 et
287 1234 349 1313 hie,
365 1234 501 1300 Domino
513 1234 637 1320 quidem
657 1235 796 1300 dicente:
817 1234 901 1299 Deus
914 1243 1015 1299 enum
1035 1256 1093 1298 non
1100 1234 1202 1318 societ
1222 1232 1390 1296 uindictam

236 1336 393 1402 electorum
406 1359 539 1414 ntorum,
561 1338 729 1424 quicunque
742 1336 877 1401 clement
890 1336 936 1400 ed
949 1358 1016 1400 eum
1036 1335 1128 1399 diret
1142 1334 1248 1399 neele?
1282 1333 1390 1400 Etiam

235 1440 304 1506 dieo
318 1440 408 1520 robis,
414 1442 517 1525 feriet
531 1440 699 1506 undictam
714 1462 816 1504 eorum
832 1441 906 1513 riter
930 1447 963 1503 et
980 1438 1143 1524 Apostolo,
1156 1438 1188 1501 in
1203 1459 1241 1502 ea
1255 1460 1325 1523 quae
1340 1447 1390 1503 est

72 1560 186 1647 g-qpu·
235 1544 277 1609 ad
299 1544 591 1610 Thessalonicenses
613 1543 754 1630 epistola,
779 1543 839 1608 ista
860 1542 1061 1630 praediounte:
1093 1542 1252 1628 Siquidem
1272 1543 1390 1626 justum

132 1635 139 1648 ⁴
236 1657 279 1712 ert
299 1648 388 1734 apud
403 1647 504 1712 Deum
525 1646 691 1713 retribuere
712 1645 953 1711 ⁴retributionem
973 1645 1022 1710 lia
1039 1646 1094 1731 qui
1115 1645 1264 1710 tribulent
1284 1668 1342 1720 eos,
1362 1654 1390 1709 et

235 1750 317 1816 vobio
331 1751 385 1837 qni
399 1749 593 1815 tribulamini
606 1750 805 1835 rrffriqerium
818 1748 977 1826 urbiorum,
998 1750 1033 1814 in
1052 1750 1249 1814 ⁶reoelutiene
1264 1749 1390 1812 Domini

235 1855 331 1919 nostri
347 1854 421 1918 Jesu
436 1853 566 1918 ”ebrini
581 1854 619 1918 de
637 1853 707 1918 reela
726 1875 793 1918 eune
808 1853 924 1938 eupolis
943 1853 1067 1917 virtutis
1082 1853 1154 1936 ejun
1170 1853 1246 1916 etin
1257 1854 1389 1935 flemme

236 1957 326 2042 ionii,
342 1957 419 2020 dere
438 1955 605 2020 vindictam
625 1956 660 2020 in
674 1957 789 2043 eosqui
809 1977 869 2020 non
886 1964 1033 2019 noverunt
1053 1956 1163 2031 Deum,
1183 1964 1210 2018 et
1224 1955 1259 2018 iu
1277 1977 1322 2019 eoo
1336 1956 1391 2041 qui

235 2080 296 2123 non
321 2057 461 2123 obediunt
480 2059 647 2144 anupelie
676 2059 803 2123 Domini
827 2060 923 2123 nostri
943 2057 1020 2123 Jeru
1043 2058 1190 2123 lornei:
1217 2058 1272 2143 qui
1298 2060 1391 2122 etium

231 2183 340 2248 putrer
353 2162 488 2248 pendent
510 2162 652 2227 interitus
663 2172 793 2227 oelernas
813 2184 834 2226 n
846 2163 938 2246 ferie
956 2161 1094 2239 Domini,
1117 2171 1145 2226 et
1165 2184 1185 2224 a
1204 2160 1306 2247 pierio
1326 2162 1389 2225 oir-

237 2266 309 2330 tutie
331 2265 403 2349 ejus,
425 2266 628 2329 cumvenerit
647 2266 842 2351 rnepnifieeri
862 2265 897 2329 in
917 2266 1028 2330 aeonio
1051 2265 1124 2343 run,
1147 2273 1176 2330 et
1195 2263 1391 2329 admirabilia

237 2390 297 2434 eree
311 2370 346 2434 in
360 2367 504 2449 omnibus,
521 2370 575 2457 qui
588 2368 782 2435 rreeb'derunt
796 2369 828 2433 iu
842 2391 925 2435 eum.

684 2622 785 2689 (lAP.
808 2622 939 2688 XLIV.

239 2775 401 2852 Ostenoio
416 2776 515 2877 quod
530 2804 643 2852 unuin
662 2791 695 2853 et
711 2777 810 2854 idern
827 2779 874 2855 sit
898 2781 1054 2856 Verbum
1071 2782 1155 2876 Dei,
1176 2782 1390 2884 dispunctor

603 2908 760 2970 veterum
779 2909 812 2970 et
828 2923 1011 2973 moment

304 3061 333 3122 l.
366 3058 446 3123 (buu
462 3080 537 3144 ergo
548 3056 615 3123 ⁷hie
630 3066 662 3124 et
677 3058 738 3124 illie
752 3061 861 3126 eudem
875 3062 918 3127 sit
937 3061 969 3125 iu
985 3062 1169 3129 vindicando
1185 3066 1254 3131 Deo
1265 3067 1390 3151 justitia

238 3160 310 3238 Dei,
334 3169 367 3226 et
392 3161 456 3227 illio
482 3161 606 3248 quidem
632 3162 734 3248 typice
759 3173 792 3229 et
813 3166 1026 3251 temporaliter
1050 3175 1083 3232 et
1105 3169 1311 3243 mediocrium
1338 3171 1390 3236 hio

237 3286 309 3329 vero
328 3286 399 3330 vere
421 3274 454 3329 et
473 3286 596 3350 semper
616 3273 649 3330 et
665 3267 834 3340 austerius3
855 3267 939 3355 ignis
962 3270 1045 3334 enim
1065 3280 1211 3349 zelemus,
1230 3282 1263 3338 et
1283 3295 1390 3359 quaea

238 3366 317 3432 ooelo
332 3366 517 3431 revelabitur
530 3366 576 3430 ira
591 3368 651 3433 Dei
671 3389 691 3432 a
705 3368 783 3434 faeie
804 3370 931 3435 Domini
953 3371 1061 3449 nostri,
1078 3374 1335 3458 quemadmodum
1356 3386 1390 3441 et

73 3482 226 3528 annun.
240 3468 342 3533 David
361 3469 417 3546 ait,
446 3468 555 3534 Vultus
573 3478 674 3534 nutem
693 3471 823 3534 Domini
840 3492 931 3558 nuper
940 3474 1094 3557 ferientes
1113 3475 1207 3551 malr,
1226 3487 1259 3540 ut
1272 3481 1390 3563 perdet
1402 3509 1427 3547 o.
1438 3509 1476 3551 ao

237 3573 277 3638 de
291 3581 375 3636 terre
389 3572 565 3635 memoriam
579 3573 723 3658 nieorum,
738 3573 887 3658 majorem
902 3580 1038 3660 'poenam
1054 3586 1183 3662 praestat
1195 3578 1233 3643 iis
1247 3581 1299 3666 qui
1312 3581 1388 3647 inci-

236 3674 314 3739 dunt
328 3674 361 3737 in
375 3695 460 3749 eam;
480 3673 568 3739 valde
585 3675 760 3740 insensatos
779 3675 984 3740 ostendebant
1004 3679 1174 3763 presbyteri
1196 3701 1260 3757 eos,
1281 3684 1388 3769 quiex

236 3777 285 3843 his
299 3800 369 3864 quae
383 3777 563 3842 aeciderunt
577 3777 638 3850 his,
656 3777 709 3863 qui
727 3777 801 3842 olim
820 3777 889 3843 Deo
910 3798 973 3842 non
987 3780 1252 3866 obtemperabant,
1265 3793 1388 3850 tentant

235 3881 369 3948 alterum
389 3881 519 3946 Patrem
540 3881 778 3960 introducere‚e
798 3881 952 3947 contrario
972 3894 1174 3968 opponentes,
1190 3895 1308 3971 quanta
1322 3888 1388 3953 Do·

285 4070 295 4103 ¹
312 4073 410 4133 μετεῖχε
426 4073 466 4121 rel
482 4089 505 4121 r.
525 4073 619 4122 libbam
638 4071 776 4133 [κατεῖχε.
838 4073 1022 4140 inadvertoutly
1033 4080 1118 4138 stateo,
1134 4079 1327 4142 drorabbprrun

285 4150 297 4183 ¹
312 4153 364 4202 Au.
382 4151 452 4203 sieut
481 4151 532 4200 For
545 4154 615 4212 ζνμοῖ
625 4153 668 4202 the
684 4153 787 4203 transla-
888 4157 899 4188 ⁴
916 4157 1101 4220 tribulationem,
1121 4160 1211 4223 θλίψιν,
1227 4162 1260 4225 by
1272 4162 1389 4210 assimila·

236 4238 277 4283 tor
289 4249 367 4282 seems
379 4239 405 4281 to
416 4233 480 4282 heva
491 4232 549 4282 read
561 4235 645 4293 ζημιοῖ.
838 4234 899 4294 tion,
909 4235 1094 4297 retributrbnrm,
1106 4237 1193 4298 MSS„
1205 4239 1246 4287 for
1256 4239 1287 4287 ef.
1298 4256 1323 4304 p.
1330 4237 1385 4301 265,

285 4314 296 4347 ⁸
312 4315 463 4366 revelabitur.
509 4316 635 4365 lemnus
657 4332 736 4365 seems
760 4321 787 4366 to
839 4334 862 4379 4,
877 4317 958 4366 where
968 4318 1011 4367 the
1022 4319 1108 4368 textis
1119 4320 1239 4383 eorreetly
1250 4320 1349 4384 quoted.

236 4396 300 4445 bave
311 4397 404 4460 quoted
414 4397 555 4459 meruerim,
570 4398 612 4447 the
624 4403 678 4448 text
693 4399 788 4463 having
887 4398 1016 4450 'Cum
1029 4401 1103 4464 again
1114 4400 1273 4452 retributione.

237 4478 444 4538 ἀποκαλύπτεται,
461 4479 510 4527 and
527 4485 573 4529 not
587 4481 787 4542 ἀποκαλυφθήσε-
888 4478 899 4511 ⁰
914 4481 967 4530 AB.
980 4481 1054 4530 omits
1067 4480 1166 4531 cunei.

237 4573 286 4620 rae,
299 4558 456 4616 metalium
475 4561 551 4610 munh
569 4560 624 4623 lass,
645 4577 673 4611 as
691 4561 787 4612 (ἔκηε
888 4560 899 4594 ⁷
915 4561 966 4613 Au.
978 4560 1020 4612 lie
1030 4561 1198 4614 illie...omite
1206 4577 1312 4626 pmien.
