3000 4994
330 357 436 409 LIBRI
460 355 594 419 QUINTI
617 354 768 408 CONTRA
794 356 992 411 HAERESES.
1168 345 1233 409 311

149 494 197 524 cst.
1185 494 1234 525 HG.

131 560 199 614 XX.
252 561 389 615 Audiendi
417 571 480 615 sunt
513 563 650 625 Pastores,
683 561 777 631 quibus
806 560 930 631 Apostoli
962 560 1148 614 commiserunt

296 647 438 710 Ecclesias,
453 665 539 701 unam
555 657 579 702 et
597 647 707 701 eandem
725 647 822 700 salutis
836 647 988 702 doctrinam
1011 648 1146 702 babentes.-

288 735 419 808 sapiendi
444 745 533 790 autem
562 733 686 796 lsoerstici,
712 743 736 788 et
764 734 796 786 in
817 735 885 805 fidei
910 734 1042 805 mysteriis
1065 735 1149 789 sobrie

297 820 454 892 sapiendum
552 859 1146 875 .......
1183 824 1235 878 377

125 958 207 1013 XXI.
255 958 344 1030 Caput
367 960 488 1012 omnium
517 976 577 1030 qua
595 960 731 1030 proednta
759 968 821 1013 susst
852 958 973 1014 Christus
997 969 1050 1014 est.-
1072 977 1149 1030 quem

297 1047 429 1100 bominem
443 1063 583 1109 assumere,
597 1064 616 1100 a
635 1046 722 1100 Patre
736 1046 923 1101 universorum
938 1055 1055 1100 creatore
1070 1049 1148 1111 mitti,

296 1141 320 1187 et
334 1151 353 1185 a
365 1132 473 1186 Satana
488 1132 586 1186 tentari
600 1132 726 1203 oportuit,
737 1141 768 1186 ut
779 1132 967 1204 promissiones
980 1134 1145 1204 adimpleret,

296 1229 320 1273 et
332 1220 478 1290 plcriosam
493 1227 755 1290 consummatamque
768 1220 908 1273 uictoriam
924 1228 1073 1291 reportaret
1138 1263 1144 1276 .
1182 1226 1236 1276 380

117 1372 216 1427 XXII.
255 1373 393 1426 Dominus
418 1390 503 1438 uerus,
528 1382 553 1426 et
575 1373 651 1427 Deus
673 1390 745 1427 unus
768 1391 787 1426 a
809 1374 863 1444 leae
888 1374 1052 1439 declaratur,
1071 1384 1095 1429 et
1119 1375 1149 1428 iss

297 1459 445 1530 annpelio
457 1477 508 1530 per
521 1460 655 1515 Christum
671 1461 725 1531 ejus
733 1460 837 1513 Filium
851 1461 1058 1534 manifestatur.-
1073 1479 1149 1532 quan

298 1547 384 1600 solum
399 1547 524 1612 adorare,
538 1555 562 1601 et
576 1546 673 1601 abillo
687 1547 779 1600 omnia
794 1547 863 1601 bona
875 1554 1022 1618 exsputare
1036 1557 1146 1619 oportet,

298 1650 353 1686 non
368 1651 387 1687 a
402 1632 511 1687 Salano
554 1671 1146 1690 .......
1183 1639 1235 1691 384

112 1769 226 1825 XXIII.
256 1769 391 1824 Diabolus
417 1778 535 1824 assuetus
558 1779 594 1824 est
619 1770 772 1835 mendaciis,
795 1770 890 1840 quibus
910 1770 1031 1824 seductus
1056 1769 1149 1824 Adam

295 1865 365 1910 secto
379 1857 520 1911 creationis
538 1856 580 1910 die
600 1856 726 1927 peccauit,
742 1874 793 1928 quo
814 1856 921 1911 tandem
936 1874 989 1928 per
1012 1855 1148 1912 Christum

298 1943 512 2017 reparatnssuit
558 1980 1144 1999 .......
1181 1948 1234 1999 386

113 2080 222 2135 XXIV.
255 2081 297 2136 De
320 2080 433 2134 Diaboli
453 2089 582 2152 perpetuo
604 2082 750 2146 mundano,
772 2082 947 2152 potestatibus
976 2083 1071 2154 essibus
1100 2101 1148 2138 nos

295 2185 395 2239 parere
413 2175 523 2238 oportet,
538 2175 616 2238 atque
635 2168 755 2238 imperiis
777 2170 896 2233 manu,
910 2177 1040 2240 quaeum
1057 2188 1075 2223 a
1090 2170 1149 2225 Deo

298 2271 353 2308 non
367 2263 454 2308 autem
470 2272 489 2306 a
503 2253 620 2308 Diabolo
635 2255 859 2308 constituantur.
950 2295 955 2309 .
1047 2294 1054 2309 .
1143 2296 1149 2308 .
1184 2261 1236 2312 388

121 2392 216 2447 XXV.
254 2391 414 2446 Antichristi
425 2392 514 2464 fraus
533 2390 659 2462 stuperbia
679 2399 704 2445 et
725 2392 899 2462 tyrannicum
922 2408 1043 2463 reanum,
1065 2402 1149 2463 prout

300 2477 584 2532 aDanielcetPaulo
599 2477 733 2548 descripta
746 2486 808 2531 sunt
846 2518 853 2531 .
945 2517 951 2532 .
1043 2519 1049 2533 .
1141 2519 1147 2533 .
1183 2484 1236 2536 390

113 2618 223 2673 XXVI.
257 2617 330 2684 Quia
349 2617 485 2671 Jolsannes
510 2624 535 2670 et
559 2614 663 2669 Daniel
682 2615 871 2687 praedixerunt
896 2615 1004 2685 imperii
1027 2615 1150 2669 Romani

300 2704 495 2758 dissolutionem
521 2711 545 2756 et
574 2701 767 2766 desolationm
793 2718 853 2772 quta
881 2701 967 2774 finem
1000 2701 1098 2755 mundi
1126 2711 1150 2756 et

299 2791 425 2861 [leynam
442 2788 542 2844 Christi
564 2796 694 2842 oeumum
714 2788 861 2860 proeoedets
883 2787 1044 2861 refelluntur
1064 2788 1151 2842 alium

300 2895 319 2930 a
333 2877 483 2947 Demiurpo
503 2883 611 2946 patrem
624 2875 798 2947 confinpentes
814 2873 944 2939 Gnostici,
969 2874 1083 2929 Satanas
1105 2894 1149 2931 cr·

299 2981 384 3034 pana,
398 2980 513 3034 quonem
528 2979 610 3033 opera
623 2978 695 3016 nunc
710 2961 801 3015 Deum
815 2969 905 3032 aperte
919 2961 1082 3032 blasphemat
1141 3003 1148 3019 .
1185 2968 1237 3021 304

106 3100 230 3155 XXVII.
259 3100 408 3174 Desuturo
417 3100 520 3172 judicio
531 3116 583 3170 per
598 3098 742 3164 Christum,
754 3099 936 3153 communione
949 3108 974 3154 et
984 3101 1151 3170 separatione

302 3187 404 3251 diuina,
416 3196 495 3257 atque
508 3186 657 3258 infidelium
669 3187 756 3258 poenis
770 3185 876 3240 oeternis
948 3224 955 3238 .
1045 3228 1051 3240 .
1142 3227 1150 3243 .
1184 3190 1236 3244 307

95 3333 234 3388 XXVIII.
259 3332 303 3388 De
322 3332 434 3403 pionem
448 3340 472 3386 st
491 3331 638 3402 impiorum
658 3331 818 3393 discrimine,
833 3332 969 3402 apostasia
983 3333 1090 3405 pistura
1103 3334 1151 3387 sub
1192 3337 1197 3346 “

302 3418 475 3482 Antichristo,
489 3427 568 3488 atque
578 3418 675 3472 mundi
688 3418 912 3473 consummatione
950 3456 957 3471 .
1046 3458 1053 3473 .
1142 3460 1149 3476 .
1185 3425 1238 3475 400

117 3565 230 3620 XXIX.
265 3565 395 3620 Universa
407 3565 445 3618 ad
455 3563 597 3618 utilitatem
606 3563 831 3638 bominumsacta
840 3581 904 3618 esse:
915 3572 940 3618 et
951 3565 982 3617 ds
992 3561 1153 3618 Antichristi

301 3652 377 3717 dolis,
400 3650 527 3722 nequitia,
547 3650 575 3704 ui
595 3651 744 3721 apostatica
767 3669 785 3703 a
808 3650 917 3715 diluuio,
939 3658 963 3703 et
986 3650 1105 3720 deinceps
1123 3652 1153 3704 in

302 3735 431 3803 Ananiae,
445 3736 557 3791 Aeas-ios
568 3746 592 3791 et
605 3736 728 3792 Misaslis
735 3737 921 3808 persecutione,
931 3737 1116 3809 prafipurata
1143 3775 1150 3790 .
1184 3742 1238 3792 404

124 3882 222 3936 XXX.
261 3881 354 3936 Certus
369 3880 475 3952 quidem
487 3890 523 3935 eet
533 3897 663 3935 numerus
676 3881 792 3935 nominis
806 3879 982 3941 Anticlsristis
1004 3880 1050 3934 sed
1060 3881 1091 3934 de
1105 3881 1152 3935 boc

302 3968 372 4022 nibil
394 3977 487 4022 temere
507 3967 708 4039 affirmandum,
731 3984 815 4037 quum
840 3966 933 4020 multis
957 3966 1107 4021 nominibus
1130 3968 1153 4020 is

303 4054 397 4125 aptari
411 4063 505 4124 queat:
520 4063 544 4108 st
558 4071 608 4108 cur
622 4062 712 4125 aperte
723 4071 742 4106 a
757 4052 907 4124 Spiritus.
923 4053 1085 4124 eeplicatum
1098 4070 1154 4107 non

297 4141 389 4214 suerit
403 4158 514 4195 nomem
537 4157 570 4195 ac
584 4141 615 4194 ds
629 4157 710 4212 reqno
723 4149 857 4211 morteqm
871 4140 946 4193 illius
1047 4179 1054 4193 .
1144 4181 1150 4195 .
1185 4144 1239 4195 400

117 4296 230 4351 XXXI.
262 4295 448 4368 Confiernatur
459 4294 616 4349 resurrectio
630 4311 775 4365 corporum
787 4301 942 4347 nostrorum
955 4300 1048 4358 morte,
1062 4310 1152 4348 resur·

304 4382 415 4436 rectione
429 4390 453 4436 et
471 4380 619 4435 ammone
634 4380 733 4435 Christi
737 4399 745 4432 .·
764 4380 864 4433 anima
883 4388 1038 4435 sanctorum
1052 4380 1153 4435 interea

306 4477 407 4539 tempus
424 4467 496 4521 illua
510 4474 668 4538 suspectam,
685 4477 716 4521 ut
730 4468 877 4540 perfectam
892 4474 1155 4539 consummatamque

303 4555 421 4625 planiam
429 4553 582 4625 percipiant
658 4589 1153 4609 ......
1187 4560 1237 4610 411
