3000 4994
512 349 623 405 FIDES
649 351 853 406 accusem.
1193 343 1256 408 131

1292 530 1346 570 ΗΒ.
1355 532 1395 571 111.

1286 578 1374 616 xxxviii.
1384 579 1402 616 1.

511 611 609 678 OAP.
635 612 854 680 XXXVIII.
1278 623 1323 662 on.
1333 624 1373 663 111.
1383 625 1413 664 ιι.

1279 669 1357 709 Mass.
1367 670 1408 710 111.

1304 717 1362 755 xxiv.
1373 717 1390 755 1.

120 764 308 841 Adversus
325 792 381 842 cos
398 766 464 867 pai
479 795 523 843 ecc
539 795 753 868 quacunque
769 795 883 845 caasa
903 770 1060 846 schisma
1072 769 1235 870 faciant.
1270 793 1418 801 '‘-

170 936 200 996 1.
246 932 443 997 Tssnucrrs
470 933 566 1021 igitur
595 934 749 1012 omuibus,
772 934 825 1021 qui
851 935 1003 1000 nefandas
1024 935 1162 1001 inierunt
1185 957 1256 1001 sen-

102 1035 219 1100 tentias
242 1036 281 1101 de
307 1036 425 1101 factore
450 1045 483 1102 et
506 1037 694 1122 plasmatore
721 1047 839 1117 nostro,
865 1039 917 1126 qui
943 1048 977 1104 et
1000 1038 1083 1106 hunc
1106 1040 1257 1104 mundum

102 1139 271 1204 fabricatus
297 1149 356 1217 est,
381 1162 475 1225 super
496 1162 589 1227 quem
610 1140 690 1206 alius
712 1141 800 1206 Deus
821 1165 884 1206 non
902 1151 971 1216 est;
996 1152 1029 1209 et
1054 1143 1131 1229 ipsis
1152 1151 1256 1208 osten-

102 1243 242 1307 sionibus
271 1243 387 1308 eversis
411 1243 471 1321 his,
502 1244 555 1331 qui
585 1245 624 1308 de
651 1245 829 1310 substantia
859 1245 987 1310 Domini
1016 1245 1125 1325 nostri,
1153 1253 1187 1310 et
1216 1246 1255 1310 de

103 1345 305 1429 dispositione
329 1367 421 1432 quam
448 1346 523 1411 lecit
545 1355 672 1433 propter
696 1346 854 1412 hominem
883 1370 986 1425 suum,
1015 1348 1094 1413 salsa
1118 1349 1252 1422 docent;

102 1448 353 1533 praedicationem
369 1472 441 1515 vero
463 1449 615 1516 Ecclesiae
637 1451 790 1536 ¹undique
809 1458 1016 1530 constantem,
1039 1459 1071 1516 et
1094 1451 1256 1538 aequaliter

101 1560 360 1636 perseverantem,
390 1561 424 1617 et
452 1553 666 1618 testimonium
695 1554 863 1618 habentem
898 1576 918 1619 a
952 1554 1111 1641 prophetis
1145 1563 1177 1620 et
1213 1555 1254 1619 ab

103 1655 275 1739 Apostolis,
290 1663 323 1720 et
337 1657 378 1721 ab
393 1656 537 1721 omnibus
556 1656 725 1743 discipulis,
749 1657 1027 1743 ²quemadmodum
1049 1657 1253 1736 ostendimus,

102 1761 175 1843 ³per
186 1759 285 1837 initia,
305 1768 337 1824 et
355 1760 550 1838 medietates,
566 1767 599 1825 et
613 1761 718 1839 finem,
734 1770 767 1826 et
782 1783 838 1846 per
851 1761 1025 1825 universam
1047 1760 1108 1826 Dei
1123 1760 1254 1846 disposi-

101 1861 228 1939 tionem,
253 1871 286 1928 et
309 1886 380 1928 eam
409 1886 479 1950 quse
505 1863 676 1929 secundum
700 1865 833 1930 salutem
861 1864 998 1928 hominis
1027 1871 1077 1930 est
1104 1864 1254 1929 ⁴solidam

101 1965 322 2048 operationem,
339 1989 408 2051 quse
423 1966 518 2031 estin
533 1966 594 2031 fide
606 1973 732 2040 nostra3
755 1987 849 2052 quam
863 1974 1041 2051 perceptam
1056 1966 1097 2029 ab
1112 1964 1255 2030 Ecclesia

47 2081 86 2119 Μ,
101 2068 302 2148 custodimus,
329 2077 362 2135 et
388 2092 457 2154 quae
480 2091 602 2156 semper
626 2091 647 2134 a
670 2068 789 2155 Spiritu
813 2069 884 2149 Dei,
909 2069 997 2155 quasi
1020 2070 1052 2133 in
1075 2091 1148 2134 vase
1171 2070 1254 2135 bono

101 2171 249 2236 eximium
264 2174 419 2259 quoddam
433 2174 625 2261 ldepositum
643 2173 857 2260 juvenescens,
872 2180 906 2239 et
922 2173 1123 2259 juvenescere
1136 2173 1254 2238 iaciens

100 2273 202 2361 ipsum
225 2299 280 2341 vas
303 2277 336 2342 in
361 2300 422 2364 quo
449 2285 509 2343 est.
555 2277 628 2342 Hoc
651 2277 735 2343 enim
761 2277 913 2343 Ecclesiae
939 2277 1092 2342 creditum
1114 2285 1163 2343 est
1190 2277 1253 2342 Dei

101 2399 223 2457 munus,
244 2380 504 2464 quemadmodum
530 2379 695 2465 laspiratio
718 2379 924 2466 plasmationi,
946 2378 988 2442 ad
1007 2380 1066 2444 hoc
1080 2387 1134 2443 rut
1149 2379 1254 2445 omnia

99 2484 239 2548 membra
253 2483 454 2570 percipientis
467 2483 677 2548 vivificentur:
698 2482 777 2548 etin
792 2504 830 2547 eo
844 2481 995 2568 disposita
1008 2491 1057 2546 est
1068 2483 1252 2548 ⁸communi·

100 2586 182 2652 catio
213 2587 340 2665 christi,
371 2588 403 2651 id
433 2595 482 2652 est
512 2586 647 2672 Spiritus
675 2593 815 2663 sanctus,
843 2585 935 2650 arrha
962 2584 1188 2670 incorruptelae,
1219 2595 1252 2652 et

100 2690 292 2755 confirmatio
304 2690 375 2754 fidei
388 2698 513 2769 nostrae,
526 2698 558 2755 et
569 2690 654 2755 scala
667 2688 857 2754 ascensionis
865 2688 906 2752 ad
917 2689 1030 2753 Deum.
1055 2689 1098 2751 Ia
1112 2688 1251 2754 Ecclesia
1266 2709 1328 2749 1001.
1336 2710 1373 2749 xn.
1382 2711 1412 2751 rc

99 2794 188 2872 caim,
212 2793 321 2880 inquit,
338 2795 444 2880 poscit
465 2797 553 2859 Deae
575 2793 740 2879 Apostolos,
757 2792 934 2877 prophetae,
957 2791 1097 2868 doctores,
1121 2799 1154 2856 et
1183 2791 1251 2855 uni-

98 2917 218 2961 versam
232 2897 382 2986 reliquam
401 2895 612 2982 operationem
632 2894 784 2982 Spiritus:
805 2895 894 2980 cujus
913 2905 975 2959 non
993 2902 1066 2959 sunt
1085 2893 1252 2982 participes

147 3102 157 3135 ¹
176 3104 272 3153 Scribas
279 3103 443 3167 occasionally
451 3103 586 3152 substitute
594 3120 650 3168 syn·
696 3104 773 3164 θυῖαν,
785 3101 889 3162 solitam,
900 3100 983 3150 would
991 3099 1080 3165 hardly
1090 3100 1121 3148 be
1133 3099 1246 3150 suitable.

98 3185 357 3250 onymsbymistake‚
378 3185 502 3233 sudhem
521 3185 648 3234 theread·
746 3184 917 3248 ‘depositam
947 3184 1000 3232 The
1017 3183 1116 3232 Cultu.
1131 3182 1189 3231 MS.
1203 3183 1249 3231 has

98 3268 143 3331 ing
152 3268 181 3315 os
189 3269 231 3316 the
244 3268 344 3316 Cossu.
358 3267 416 3316 MS.
431 3266 519 3330 atique,
530 3267 649 3316 indicates
695 3266 848 3330 dreporilam,
868 3265 914 3314 but
934 3266 977 3314 the
997 3265 1103 3329 original
1120 3280 1153 3313 no
1170 3264 1249 3314 doubt

98 3348 192 3410 stipa.
227 3349 275 3396 We
291 3364 350 3412 may
369 3353 428 3397 note
446 3365 462 3396 a
478 3365 608 3412 precursor
624 3348 653 3397 cf
695 3366 746 3398 was
770 3349 846 3407 καλήν
868 3366 922 3396 τινα
942 3348 1155 3410 παρακαταθήκην,
1177 3362 1204 3395 as
1221 3347 1247 3395 in

97 3429 305 3478 theVincentian
316 3446 403 3491 canon,
416 3430 650 3494 quodecmpcrqaod
696 3431 785 3480 amm.
807 3431 822 3479 i.
846 3445 884 3491 14,
904 3429 1022 3492 meaning
1043 3430 1086 3479 the
1103 3429 1201 3493 deposit
1222 3429 1251 3478 ol

97 3510 431 3575 ubiquaquodabcmmbas.
694 3512 765 3561 saith.
796 3512 917 3576 Compare
931 3523 949 3560 1.
963 3512 987 3561 ii.
1001 3510 1035 3560 iii.

146 3594 158 3626 ²
174 3597 376 3658 queamdmodum
387 3596 582 3646 οαεαάἰαικαακο
592 3613 648 3660 par-
743 3592 754 3625 ⁶
771 3592 1246 3656 Maesone,followingthecnrsuosr

96 3677 229 3727 enthetical
240 3678 328 3728 words.
694 3677 752 3726 MS.
766 3677 811 3725 has
822 3676 857 3724 ad
868 3675 1069 3739 inspirationem
1080 3675 1244 3723 othcrautho·

145 3758 156 3790 ⁸
172 3759 224 3808 The
235 3760 405 3808 constmction
417 3760 437 3808 is
449 3759 500 3808 still
508 3757 649 3823 dependent
693 3759 781 3824 rityis
801 3759 827 3806 in
846 3759 937 3806 favour
956 3757 985 3804 oi
999 3756 1115 3805 Gaass’s
1134 3754 1244 3817 reading,

96 3852 164 3900 upon
174 3836 335 3885 testimoniam
345 3837 467 3887 habeatem
471 3856 482 3893 ,·
498 3837 568 3885 these
579 3838 649 3885 three
692 3840 820 3904 aspiratio,
839 3839 889 3888 and
905 3839 957 3888 also
974 3838 1106 3901 scriptural
1123 3836 1230 3899 analogy
1239 3851 1247 3895 ς

95 3923 172 3966 terma
189 3920 306 3983 meaning
319 3920 363 3968 the
377 3919 508 3983 Propheta,
520 3917 646 3982 Apostles,
693 3924 736 3972 the
746 3921 802 3971 idea
814 3922 838 3970 in
850 3922 893 3969 the
905 3921 1008 3968 writer’s
1019 3920 1088 3967 mind
1099 3919 1174 3981 being
1184 3933 1246 3980 very

95 4001 145 4048 and
153 4001 252 4050 Chureh
260 4001 381 4052 Catholic.
400 4002 446 4050 See
455 4001 551 4062 Passa,
563 4015 646 4064 p.135.
694 4005 854 4070 perceptihly,
862 4005 905 4052 the
914 4003 1060 4066 inspiration
1068 4001 1097 4050 os
1104 4001 1147 4049 the
1156 4000 1244 4048 breath

144 4083 303 4132 ⁴Msssvlt'l
329 4085 401 4132 reads
424 4083 520 4133 solitam
546 4099 578 4131 011
606 4082 648 4130 the
694 4087 722 4136 of
730 4088 772 4136 life
783 4087 836 4135 into
847 4102 913 4145 man,
928 4085 1000 4134 when
1015 4085 1070 4133 first
1081 4081 1188 4132 created.

95 4167 223 4230 authority
229 4168 257 4215 ol
262 4166 548 4216 theCnsart.andVoss.
559 4166 644 4227 MSS,
742 4167 753 4200 ⁷
771 4168 814 4216 Ca.
826 4167 899 4215 omits
910 4173 936 4213 at
943 4185 954 4221 ,·
969 4165 1054 4225 which,
1066 4165 1187 4225 however,
1200 4164 1245 4213 has

95 4246 142 4295 but
152 4247 256 4296 solidant
268 4264 295 4296 as
306 4247 442 4296 connected
454 4247 514 4296 with
525 4248 569 4296 the
578 4247 647 4297 fonn-
694 4249 797 4313 escaped
808 4248 850 4296 the
862 4246 1043 4296 Benedictine’s
1055 4245 1145 4295 notice.

96 4327 181 4376 dation
204 4329 232 4377 os
252 4329 314 4377 saith
337 4329 358 4377 is
377 4328 521 4393 preferable,
543 4331 583 4378 acl
604 4331 648 4389 τὴν
742 4327 809 4377 Ὀι.
822 4324 1074 4389 αοκηκααέαιία,ὴ(διᾶ)
1087 4328 1130 4375 τοῦ
1138 4326 1246 4390 Χριστοῦ

96 4413 125 4461 τὸ
142 4414 205 4461 κατὰ
222 4413 343 4474 σωτηρίαν
359 4413 484 4474 ἀνθρώπου
501 4413 601 4473 στερεὰν
614 4414 647 4461 ἐκ·
694 4412 850 4472 καταλλαγὴ,
864 4411 911 4459 but
921 4410 964 4459 the
977 4410 1050 4474 spirit
1063 4410 1092 4458 os
1106 4412 1244 4461 sanctifica·

97 4496 199 4556 εῃείαν,
218 4497 261 4554 τὴν
279 4496 303 4543 ἐκ
323 4496 403 4543 πίστει
422 4495 533 4557 ἡμετέρᾳ,
557 4497 645 4544 κ.τ.λ,
694 4496 747 4545 tion
762 4495 784 4543 is
799 4495 842 4542 the
859 4492 975 4541 evidence
991 4493 1019 4541 os
1034 4509 1080 4541 our
1095 4494 1246 4543 communica

97 4576 135 4626 Of.
154 4578 246 4640 στερεοὶ
264 4579 297 4639 τῇ
312 4577 401 4637 rrlcra,
416 4591 425 4624 1
438 4576 493 4625 Pet.
502 4592 525 4624 v.
539 4591 562 4641 9.
599 4578 648 4625 εἱω·
693 4577 754 4625 with
766 4575 851 4626 Christ
859 4591 866 4632 ;
883 4574 904 4623 it
915 4574 935 4623 is
946 4581 992 4624 not
1002 4574 1046 4625 the
1057 4580 1211 4626 atonement.

992 4658 1140 4728 '9-a
