3000 4994
218 341 286 406 384
622 357 775 411 ronuuir
801 356 962 409 nannum

52 530 109 573 ara
116 530 145 618 g
160 541 206 572 ns
220 530 292 574 eum
307 511 462 577 contrario
482 511 620 600 colligari
640 511 749 578 iisdem
764 511 903 588 vinculis,
924 510 1036 598 quibus
1052 510 1191 597 alligavit
1204 507 1373 586 hominem,

61 622 200 710 ⁰32ng
222 621 257 677 ut
272 614 365 678 homo
379 614 500 679 solutus
514 623 686 679 revertatur
700 616 740 679 ad
754 636 846 679 suum
862 614 1044 690 Dominum,
1065 614 1134 677 lilla
1148 612 1270 677 vincula
1284 611 1375 675 relin-

96 717 141 756 ¹¹¹·
151 718 170 756 ²
223 738 331 802 quens,
341 739 396 803 per
411 721 496 802 lquae
512 718 578 803 ipse
589 718 690 783 suerat
699 717 854 804 alligatus,
867 717 898 780 id
910 726 958 781 est
968 717 1257 801 transgressionem,
1287 713 1376 777 Illius

55 821 198 909 yffi&
223 819 306 882 enim
320 819 486 906 colligatio,
503 820 633 885 ²solutio
648 821 731 884 iacta
745 829 793 884 est
808 818 952 895 hominis,
971 819 1116 902 quoniam
1131 839 1193 881 non
1205 826 1303 902 potest
1316 815 1376 879 ali·

55 915 87 962 ’7·
223 922 292 1007 quis
310 923 440 987 introire
458 922 493 987 in
515 922 635 987 domm
646 924 753 1006 fertis,
773 933 801 986 et
818 944 891 986 cosa
913 922 976 1005 ejus
994 922 1141 1006 diripere,
1160 920 1221 984 cisi
1235 919 1376 1004 primum

222 1023 323 1108 praem
338 1023 457 1107 fertem
480 1023 666 1109 albicaverit.
709 1023 871 1088 Contraria
894 1044 969 1110 ergo
994 1023 1027 1086 in
1052 1043 1194 1086 sermone
1217 1022 1294 1106 ejus,
1322 1017 1375 1105 qui

222 1124 328 1190 omnia
341 1126 416 1191 iecit
435 1125 507 1203 Dei,
528 1127 695 1191 traducens
709 1147 781 1190 euru
802 1125 966 1201 Dominus,
986 1133 1019 1189 et
1038 1125 1206 1210 subjiciens
1224 1146 1278 1209 per
1297 1143 1376 1207 pne-

223 1237 359 1314 ceptum,
380 1238 568 1315 praeceptum
583 1237 688 1293 autem
705 1229 776 1308 Dei,
791 1228 861 1303 lex;
886 1229 1051 1314 fugitivum
1068 1249 1140 1291 eum
1160 1227 1286 1290 8Ηοιιιο
1307 1227 1376 1312 ejus

223 1337 257 1394 et
271 1329 349 1416 legis
367 1340 638 1418 transgressorem,
657 1339 691 1396 ct
710 1338 886 1416 apostatam
905 1329 966 1395 Dei
984 1331 1160 1408 osteudens,
1180 1341 1290 1416 postea
1307 1331 1375 1414 jam

223 1431 383 1498 ⁸Verbum
398 1442 578 1499 constanter
591 1456 662 1499 eum
676 1433 842 1521 colligavit,
858 1435 946 1520 quasi
960 1456 1052 1499 suum
1067 1434 1241 1521 fugitivum,
1256 1443 1289 1498 et
1303 1433 1375 1496 diri·

160 1584 162 1588 »
222 1536 292 1623 puit
305 1538 374 1623 ejus
392 1559 476 1615 vaso,
492 1538 597 1615 idest,
612 1559 667 1603 eos
685 1537 738 1624 qui
752 1537 793 1601 ab
807 1559 845 1601 eo
863 1536 1081 1602 detinebantur
1095 1536 1246 1611 homines,
1262 1537 1376 1622 quibus

221 1637 289 1724 ipse
303 1639 418 1726 injuste
438 1641 592 1705 utebatur.
632 1640 676 1705 Et
693 1640 834 1726 captivus
848 1640 973 1726 quidem
991 1641 1102 1706 ductus
1116 1648 1165 1704 est
1176 1641 1261 1724 juste
1280 1638 1375 1725 isqui

222 1742 379 1809 hominem
394 1743 508 1828 injuste
523 1744 679 1831 captivum
693 1744 844 1818 duxerat;
869 1744 921 1830 qui
935 1754 1041 1809 autem
1059 1753 1132 1808 aute
1146 1742 1286 1829 captivus
1300 1742 1376 1809 duc·

220 1852 276 1909 tus
294 1845 394 1909 fuerat
409 1846 513 1923 honio,
534 1855 695 1911 extractus
708 1854 791 1911 esta
810 1847 997 1931 possessoris
1017 1855 1182 1931 potestate,
1203 1846 1375 1910 secundum

221 1946 464 2012 misericordiam
477 1949 537 2012 Dei
553 1949 673 2014 Patris:
690 1950 744 2036 qui
758 1950 922 2015 miseratus
936 1961 985 2016 est
1000 1950 1143 2036 plasmati
1158 1971 1225 2025 suo,
1241 1958 1273 2013 et
1288 1949 1376 2015 dedit

220 2048 356 2115 salutem
378 2051 417 2127 oi,
439 2072 496 2136 per
516 2051 668 2132 Verbum,
694 2053 727 2117 id
748 2061 797 2118 est
818 2076 874 2140 per
897 2055 1056 2120 Christum
1082 2054 1313 2140 redintegrans:
1338 2063 1375 2118 ut

222 2152 434 2237 experimento
448 2152 549 2218 discat
561 2154 664 2233 homo,
680 2156 825 2241 quonism
837 2179 899 2221 non
914 2180 934 2222 a
948 2157 1124 2243 semetipso,
1136 2157 1192 2222 sed
1207 2156 1375 2222 donatione

220 2252 285 2320 Dei
299 2255 414 2341 accipit
428 2255 679 2342 incorruptelam.

675 2495 778 2562 CAP.
802 2496 927 2561 XXII.

221 2629 405 2706 Dominus
426 2658 541 2724 verus,
571 2646 602 2709 et
627 2632 732 2709 Deus
759 2659 853 2708 eveus
875 2660 901 2707 a
923 2633 997 2730 iepe
1023 2631 1243 2717 declarat-ur,
1275 2646 1306 2706 et
1333 2630 1375 2708 in

296 2749 500 2847 Evangelio
519 2776 594 2849 per
618 2748 805 2824 Cirristum
830 2750 905 2847 ejus
929 2747 1071 2822 Filium
1096 2747 1372 2846 ntom'scstutur·:

296 2891 402 2963 quem
417 2867 532 2941 seium
546 2866 717 2958 adorare,
733 2879 765 2941 et
782 2864 829 2940 ab
847 2864 908 2939 cilo
921 2863 1046 2939 cannia
1060 2863 1153 2937 bono
1166 2878 1375 2962 esspectore

296 2995 442 3080 oportet,
463 3007 536 3056 noe
552 3008 577 3056 a
592 2982 751 3056 Setaea.

221 3132 252 3195 l.
289 3128 364 3193 ⁴Src
387 3128 483 3217 igitur
504 3130 667 3197 manifeste
686 3129 869 3195 ostendente
884 3129 1030 3207 Domino,
1049 3128 1195 3214 quonium
1217 3128 1375 3197 Dominus

218 3254 310 3299 verus
330 3241 363 3297 et
377 3255 458 3299 uuus
472 3233 569 3311 Deus,
590 3233 643 3321 qui
661 3256 681 3299 a
701 3234 769 3321 lege
787 3233 960 3301 declaratus
980 3233 1090 3309 iuerat,
1111 3253 1203 3316 quem
1223 3232 1305 3296 enirn
1321 3233 1374 3299 lex

218 3344 448 3421 praeconaverat
460 3335 574 3415 Deum,
586 3336 670 3401 bunc
680 3336 845 3402 ⁶Christus
854 3335 991 3401 ostendit
1003 3335 1141 3411 Patrem,
1153 3334 1202 3400 cui
1213 3342 1246 3399 ct
1258 3337 1374 3403 servire

219 3435 278 3500 soli
292 3444 414 3520 oportet
429 3436 595 3523 discipulos
611 3437 737 3517 Christi,
753 3446 785 3503 et
802 3459 857 3524 per
871 3459 924 3502 eus
946 3458 1015 3523 quae
1029 3445 1103 3500 sunt
1117 3436 1150 3499 in
1164 3436 1233 3522 lege
1247 3447 1373 3503 seuten-

220 3539 281 3605 tias
294 3540 504 3605 adversarium
523 3548 664 3606 nostrum
679 3545 875 3618 ⁶evscuante,
890 3540 941 3604 lex
960 3547 1066 3603 autem
1081 3538 1287 3625 Demiurgum
1306 3540 1374 3604 lau-

219 3643 294 3707 dare
306 3643 420 3721 Deum,
435 3643 542 3730 stipsi
557 3643 616 3709 soli
630 3645 745 3710 servire
755 3644 846 3732 jubet
861 3644 969 3708 uobis:
989 3645 1056 3730 jam
1074 3664 1136 3707 uon
1151 3651 1274 3728 oportet
1289 3666 1374 3730 quee-

219 3767 287 3811 rere
305 3744 401 3810 aliurn
421 3753 552 3833 patrem,
572 3755 687 3833 praeter
705 3747 798 3824 huuc,
813 3755 869 3812 aut
888 3767 983 3831 super
1000 3746 1102 3810 huuc:
1127 3745 1272 3831 quoniam
1294 3769 1375 3813 unus

269 3898 280 3930 ¹
299 3900 347 3948 Aa.
360 3899 502 3964 itta..‚qac,
512 3901 559 3950 but
571 3901 766 3962 Cusum,V1t'r.,
818 3902 958 3966 effectuslly
972 3917 1039 3950 mars
1052 3903 1095 3950 the
1108 3901 1238 3951 antithesis
1253 3902 1287 3966 by
1300 3904 1374 3952 ornit-

217 3978 298 4030 Voss.
311 3980 473 4042 iili...quem.
819 3983 876 4046 ting
886 3983 965 4031 IIorno
974 3983 1030 4045 eires,
1044 3983 1094 4031 and
1106 3983 1227 4046 inserting
1234 3999 1281 4046 per
1288 3985 1375 4035 before

266 4061 278 4093 ²
292 4062 377 4109 solutio
392 4062 496 4111 omitmd
511 4063 537 4110 in
554 4063 598 4111 the
612 4063 664 4113 Aa.
685 4079 713 4111 as
731 4063 767 4111 in·
826 4064 932 4114 Verbum.

216 4142 319 4204 volving
330 4142 373 4190 the
383 4142 517 4205 preceding
527 4143 694 4192 teminetion.
867 4143 1003 4205 ‘Cutem
1017 4144 1097 4193 Voss¹
1110 4145 1140 4194 si.

265 4222 277 4256 ⁸
293 4224 372 4272 Horae
383 4224 439 4285 ejece,
458 4241 485 4272 aa
500 4225 526 4273 in
540 4226 583 4273 the
594 4226 649 4274 first
659 4230 710 4274 two
721 4226 767 4274 ele·
867 4225 879 4256 ⁸
897 4225 1013 4275 Christro.
1053 4226 1174 4275 Restored
1190 4228 1225 4290 by
1241 4227 1374 4279 Masscnn

215 4311 298 4354 ments
310 4306 339 4355 oi
347 4306 389 4355 the
400 4307 557 4370 temptetion,
567 4323 592 4370 p.
604 4308 659 4367 38²·
678 4307 765 4356 Mose,
817 4307 883 4356 from
899 4307 941 4355 the
959 4307 1059 4356 Omni,
1077 4323 1149 4371 copy.
1184 4308 1237 4356 The
1251 4310 1302 4358 An.
1322 4313 1374 4361 and

215 4387 311 4451 rightly
321 4388 436 4436 observes
447 4389 504 4438 that
521 4387 622 4437 Verbum
632 4390 654 4437 is
664 4389 707 4437 the
718 4405 768 4437 cor·
819 4387 908 4437 Meae.
923 4399 953 4436 11.
971 4389 1035 4436 have
1051 4387 1166 4449 Spirem,
1186 4387 1234 4447 i.e.,
1250 4388 1290 4436 ior
1309 4390 1336 4437 X
1332 4407 1373 4452 pe.

216 4466 319 4514 relative
335 4472 406 4527 term,
426 4469 546 4533 referring
568 4475 595 4518 to
612 4470 655 4518 the
672 4471 722 4519 Son
743 4470 772 4518 oi
818 4469 882 4533 Sps,
894 4469 959 4518 Vrrr.
967 4469 1017 4518 and
1024 4469 1103 4518 Voss.
1113 4470 1176 4517 hare
1187 4469 1285 4519 neither
1293 4473 1373 4522 word.

217 4545 557 4611 God'svictoryoverSatou.
581 4551 634 4601 The
643 4554 694 4604 AB.
704 4569 767 4618 copy
867 4552 1095 4602 ‘Amcrucuentd⁸
