3000 4994
228 327 296 395 316
519 339 626 394 vuuu
650 338 750 394 uuus
773 339 821 391 nr
846 336 951 391 vanu
976 337 1085 391 norro

73 516 210 604 arpqppa
232 508 377 603 φητηκῶς
406 500 508 575 αὐτὸν
533 505 690 591 ἔβλεπον,
715 499 758 574 πδ
779 502 908 586 μέλλον
934 501 1071 571 ἔσεσθαι
1096 497 1137 570 δι’
1159 498 1271 598 ὄφεως
1298 532 1384 601 προ-

74 610 211 697 ωῗᾙ
233 616 440 716 φητεῦοντις.
492 614 541 687 Εἰ
570 612 624 687 οὖν
648 614 702 687 καὶ
734 619 786 684 νῦν
814 619 968 691 τοιοῦτος
1002 610 1117 713 ε’φᾶνη,
1147 613 1191 697 μὴ
1221 608 1264 684 aiv
1298 615 1382 713 ὅπερ

66 736 218 748 ”““““
231 730 399 829 ἐφαίνετο,
427 733 620 828 προφητικῆ
655 759 706 805 τις
741 728 892 799 δπτασία
925 726 1048 818 γέγονε
1082 735 1154 803 τοῖς
1189 724 1382 826 ἆνθρῶποις,

229 843 283 913 καὶ
302 840 351 913 δεῖ
365 841 418 912 καὶ
437 840 544 925 ἄλλην
566 839 758 937 ἐκδέχεσθαι
781 840 967 940 παρουσίαν
996 840 1106 923 αὑτοῦ,
1131 840 1163 908 ἕν
1187 839 1207 933 ᾗ
1229 844 1384 916 τοιοῦτοι

231 956 338 1039 ἔσται,
359 952 426 1032 οἷος
453 959 505 1026 νῦν
522 955 643 1054 ὁρᾶται
658 957 885 1054 προφητικῶς.
938 949 1178 1046 Ἀπεδεῖξαμεν
1201 949 1244 1036 δὲ,
1265 954 1318 1024 ὅτι
1338 951 1382 1025 τδ

232 1068 316 1140 οὔτιν’
335 1068 419 1152 ἔστι,
438 1065 567 1151 δοκήσει
585 1066 697 1159 λέγειν
716 1066 904 1165 πεφηνέναι,
922 1063 975 1135 rai
995 1062 1084 1135 οὐδὲν
1107 1064 1142 1136 ἔκ
1165 1074 1222 1148 τῆς
1245 1065 1382 1165 Μαρίας

232 1180 412 1280 εἰληφέναι.
463 1176 550 1250 Οὐδὲ
570 1177 638 1279 γὰρ
658 1181 694 1263 ἦν
711 1179 839 1261 ιἰληθῶς
862 1175 971 1278 σάρκα
988 1177 1041 1248 καὶ
1060 1174 1142 1261 οἶμα
1163 1176 1319 1275 ἐσχηκὼς,
1341 1175 1383 1248 δι’

232 1294 275 1365 ὧν
292 1296 373 1378 ἡμᾶς
392 1289 639 1391 ἕξηγορᾶσαπο,
658 1293 686 1364 εἶ
710 1292 755 1376 μὴ
780 1292 841 1374 τὴν
865 1291 1009 1388 ἀρχαίαν
1034 1288 1161 1361 πλιὶσιν
1185 1297 1247 1363 τοῦ
1267 1288 1382 1373 Ἀδὰμ

232 1408 275 1483 eie
297 1404 414 1478 ἑαυτὸν
438 1406 767 1504 ἆνεκεφαλαιῶσαπο.
813 1400 968 1474 Μάταιοι
994 1401 1048 1474 cdv
1072 1406 1105 1475 oi
1127 1401 1196 1475 ἆπδ
1216 1403 1384 1474 Baleari·

232 1551 296 1603 νου,
312 1523 418 1591 τοῦτο
435 1515 708 1619 δογματίζονπει,
725 1518 778 1589 ἵνα
796 1513 965 1604 ἐκβάλωσι
985 1516 1045 1599 τὴν
1064 1514 1146 1617 ζωὴν
1165 1524 1223 1599 τῆς
1248 1517 1381 1615 σαρκός.

230 1676 264 1732 et
284 1666 392 1753 reliqui
413 1664 572 1751 prophetae
595 1663 775 1751 prophetice
794 1661 941 1728 videbant
960 1684 1043 1740 eum,
1068 1661 1117 1728 ¹id
1142 1664 1226 1748 quod
1245 1664 1383 1727 futurum

230 1777 308 1847 erat,
323 1790 379 1855 per
393 1767 543 1832 visionem
557 1766 789 1852 prophetantes.
834 1765 869 1830 Si
887 1765 983 1852 igitur
998 1772 1031 1830 et
1045 1787 1128 1832 nuno
1143 1765 1214 1830 talis
1227 1766 1382 1851 apparuit,

231 1892 295 1935 non
314 1870 470 1936 exsistens
492 1870 575 1956 quod
589 1869 761 1948 videbatur,
777 1868 922 1954 quaedam
939 1868 1121 1954 prophetica
1139 1868 1217 1933 visio
1236 1869 1320 1934 iacta
1333 1876 1384 1934 est

87 1966 99 1999 ·’
183 2036 187 2042 ,
231 1973 465 2052 hominibus,et
479 1980 602 2058 oportet
615 1972 710 2037 alium
725 1981 906 2058 exspectare
919 1970 1087 2037 adventum
1100 1971 1179 2057 ejus,
1192 1970 1225 2035 iu
1240 1971 1383 2056 quotalis

232 2077 303 2153 erit,
319 2076 417 2162 qualis
432 2098 514 2141 nunc
532 2075 617 2141 visus
634 2083 683 2140 est
704 2074 896 2160 prophetice.
942 2073 1145 2139 Ostendimus
1163 2083 1279 2152 autem,
1306 2097 1383 2159 qno-

233 2178 318 2244 niam
343 2178 426 2244 idem
447 2187 506 2259 est,
530 2179 670 2266 putative
694 2178 797 2244 dicere
819 2199 892 2244 eum
914 2178 1024 2256 visum,
1048 2185 1081 2242 et
1107 2176 1184 2242 nihil
1210 2200 1251 2242 ex
1278 2178 1384 2243 Maria

232 2282 401 2368 accepisse.
446 2283 556 2370 Neque
570 2282 653 2347 enim
672 2289 757 2348 esset
778 2303 849 2348 vere
867 2282 1053 2370 sanguinem
1067 2288 1100 2346 et
1114 2302 1240 2347 caruem
1255 2281 1382 2356 habens,

234 2409 289 2472 per
316 2407 410 2472 quam
433 2407 492 2451 nos
520 2385 662 2463 redemit,
689 2385 751 2450 nisi
779 2385 941 2470 antiquam
969 2385 1209 2470 plasmationem
1238 2385 1320 2451 Adae
1351 2386 1384 2450 iu

232 2489 435 2574 semetipsum
452 2488 696 2575 recapitulasset.
736 2488 821 2553 Vani
845 2488 942 2576 igitur
961 2488 1033 2575 ²qui
1060 2510 1082 2554 a
1107 2487 1277 2554 Valentino
1299 2497 1384 2566 sunt,

233 2592 294 2658 hcc
319 2591 577 2680 dogmatisantes,
603 2592 649 2657 nti
674 2592 842 2659 excludant
866 2591 1000 2657 salutem
1023 2591 1136 2671 carnis,
1160 2600 1194 2658 et
1217 2592 1384 2679 reprobent

232 2694 468 2782 plasmationem
491 2695 563 2761 Dei.

298 2801 331 2864 3.
355 2797 439 2862 Vani
449 2805 556 2863 autem
567 2804 599 2862 et
612 2797 765 2876 Ebionaei,
775 2797 946 2863 unitionem
957 2797 1018 2863 Dei
1029 2806 1062 2863 et
1073 2797 1209 2864 hominis
1222 2797 1382 2882 perfidem
1397 2813 1426 2853 ¹1·
1436 2810 1479 2850 m

233 2920 296 2964 non
311 2899 495 2985 recipientes
515 2898 549 2963 iu
567 2921 657 2965 suam
671 2899 819 2977 animam,
834 2900 891 2965 sed
909 2900 943 2965 in
962 2900 1059 2966 veteri
1081 2900 1292 2987 generationis
1313 2922 1385 2986 per·

232 3010 411 3067 severautes
425 3003 596 3075 fermeut0;
619 3023 721 3088 neque
736 3000 910 3090 intelligere
925 3002 1073 3081 volentes,
1085 3002 1231 3089 quoniam
1247 3002 1382 3088 Spiritus

233 3113 362 3169 sanctus
382 3103 509 3167 advenit
531 3103 563 3166 in
585 3103 731 3182 Mariam,
747 3114 780 3170 et
794 3105 893 3171 virtus
907 3105 1065 3172 Altissimi
1080 3106 1279 3171 obumbravit
1294 3128 1382 3171 earn:

233 3212 421 3292 quapropter
430 3209 480 3270 8et
491 3204 574 3289 quod
584 3216 767 3292 generatum
781 3214 841 3286 est,
855 3216 999 3273 sanctum
1014 3217 1072 3286 est,
1082 3217 1115 3273 et
1129 3208 1212 3272 filius
1227 3207 1385 3273 Altissimi

234 3307 298 3375 Dei
314 3307 421 3372 Patris
431 3307 580 3385 omnium,
590 3308 642 3393 qui
655 3317 801 3395 operatus
815 3317 864 3376 est
878 3310 1123 3376 incarnationem
1138 3311 1216 3397 ejus,
1225 3318 1258 3375 et
1272 3331 1384 3376 novam

234 3409 371 3475 ostendit
394 3409 648 3496 generationem
672 3410 719 3475 uti
738 3412 1000 3498 quemadmodum
1023 3435 1079 3499 per
1098 3413 1232 3498 priorem
1255 3432 1386 3499 genera-

234 3513 351 3580 tionem
373 3520 505 3576 mortem
527 3511 787 3592 haereditavimus,
810 3514 857 3579 sic
882 3535 938 3600 per
961 3516 1194 3601 generationem
1216 3515 1298 3580 banc
1322 3513 1388 3579 hre-

234 3615 439 3681 reditaremus
466 3612 572 3680 vitam.
614 3614 815 3701 ⁴Ileprobant
844 3616 950 3704 itaque
978 3616 1011 3680 hi
1041 3617 1295 3683 commixtionem
1323 3616 1387 3681 vini

234 3719 381 3798 coelestis,
411 3727 444 3785 et
469 3717 536 3783 sola
563 3740 646 3806 aqua
675 3719 840 3785 ⁶secularis
868 3721 975 3786 volunt
1003 3742 1082 3800 esse,
1113 3742 1176 3785 uon
1201 3720 1387 3806 recipientes

235 3823 339 3889 Deum
361 3822 403 3887 ad
426 3821 679 3887 commixtionem
696 3842 804 3887 suam:
837 3831 1069 3909 perseverantes
1090 3831 1196 3888 autem
1217 3825 1251 3888 iu
1270 3843 1308 3888 eo
1332 3822 1386 3911 qui

233 3926 335 3992 victus
355 3932 405 3990 est
420 3925 536 4003 Adam,
551 3933 585 3990 et
595 3927 752 4013 projectus
766 3932 815 3990 est
830 3925 869 3990 de
884 3927 1037 4012 paradiso,
1052 3950 1115 3993 non
1130 3927 1385 4013 contemplantes,

233 4028 380 4114 quoniam
395 4028 656 4115 quemadmodum
670 4030 711 4093 ab
725 4028 815 4095 initio
829 4029 1044 4117 plasmationis
1058 4039 1173 4097 nostrae
1188 4031 1220 4095 in
1231 4031 1338 4094 Adam
1349 4050 1388 4097 ea

282 4151 291 4182 ¹
309 4152 362 4200 Aa.
374 4149 409 4198 ad
420 4149 604 4212 qaodsatam.
836 4151 865 4201 ol
879 4152 978 4212 Tatina,
997 4169 1023 4217 p.
1040 4167 1093 4214 130,
1108 4167 1131 4213 a,
1144 4169 1209 4202 were
1223 4152 1387 4215 Hydaspes-a·

282 4229 362 4280 Ἀιι.
374 4230 503 4279 inserted.
835 4238 909 4292 καια,
926 4233 964 4294 (or
978 4250 1006 4282 aa
1022 4234 1047 4283 S.
1065 4234 1206 4282 Auensrm
1219 4232 1297 4282 called
1309 4233 1387 4293 them,

282 4311 294 4345 ³
309 4313 362 4361 Aa.
375 4312 449 4360 omits
459 4319 489 4363 st.
835 4312 953 4376 Aquarii,
960 4314 1028 4364 liter.
1038 4312 1090 4377 ⁶4,)
1101 4315 1274 4378 consecrating
1286 4314 1328 4363 the
1342 4312 1389 4362 elo·

246 4430 251 4438 .
283 4393 343 4441 ‘Iu
355 4392 546 4443 allusioutotbe
554 4393 663 4442 mixture
674 4392 790 4442 cirratas·
835 4398 906 4444 ment
923 4394 952 4444 ol
962 4400 1038 4444 water
1056 4395 1141 4456 alone;
1160 4395 1194 4445 ef.
1212 4395 1256 4444 the
1271 4393 1389 4458 juggling

234 4475 295 4525 with
313 4477 355 4525 tha
372 4476 436 4540 Cup.
471 4477 524 4526 'Ibe
538 4476 676 4537 Ebionites,
692 4475 787 4528 Enim.
835 4474 971 4539 impostura
981 4475 1010 4523 ol
1022 4475 1133 4535 Marcus,
1145 4487 1164 4525 1.
1181 4472 1233 4537 116,
1248 4492 1273 4525 n.
1290 4490 1310 4524 ι.

234 4556 304 4606 Hirr.
317 4557 409 4613 ως
425 4555 788 4618 16,aswellsstbefollowers
884 4556 962 4607 'Aa
975 4557 1100 4608 ιιῑοιιὶαιοι
1109 4557 1333 4607 salmanassar.
