3000 4994
214 323 280 390 248
578 330 1002 390 uxouuscfflusumun.

75 517 128 558 Lm
139 515 178 556 1v.

87 564 138 604 xlvi.
149 564 166 601 1.

52 608 202 653 salvans.
663 601 764 668 (lAP.
787 599 919 666 XLVI.

64 657 142 698 lus&
152 653 192 694 lv.

83 713 133 743 m.
144 703 161 741 Ι.

55 775 200 786 “-
218 761 344 853 Quorc
367 759 564 835 secundum
580 758 725 856 jussum
746 755 824 830 Dei
852 781 942 829 oasa
962 754 1009 828 ab
1031 752 1221 853 AEpyptiis
1241 751 1368 826 sumsit

286 877 449 977 populus
465 876 505 950 io
522 875 645 966 exodo,
669 886 702 948 et
718 899 762 947 coo
778 871 871 971 ipssa
893 871 1168 946 rotomacum
1190 869 1230 944 io
1253 895 1370 945 cremo

278 993 495 1092 foueam.

53 1198 205 1240 rmum
221 1179 250 1242 l.
289 1177 355 1258 Qur
378 1197 450 1242 vero
469 1175 658 1261 exprobrant
671 1179 704 1237 et
720 1172 886 1258 imputant,
909 1172 992 1259 quod
1013 1171 1206 1257 profectuum
1227 1170 1368 1256 populus,
1382 1187 1459 1226 &³³1-

51 1247 191 1378 ffist'i
214 1280 305 1366 jussu
335 1279 406 1358 Dei,
435 1277 559 1344 vascula
587 1276 688 1342 omnis
716 1274 840 1362 generis
873 1282 906 1340 et
933 1274 1119 1338 vestimenta
1147 1275 1301 1361 acceperit
1328 1276 1369 1339 ab

218 1382 395 1468 AEgyptiis,
415 1390 448 1446 et
463 1379 508 1446 sic
522 1379 642 1454 abierit,
665 1400 704 1443 ex
719 1376 831 1464 quibus
845 1384 878 1442 et
892 1376 1123 1441 tabernaculum
1141 1377 1258 1442 iactum
1273 1384 1321 1441 e'st
1336 1376 1369 1440 in

218 1506 332 1561 eremo,
349 1489 528 1571 ignorantes
544 1481 785 1570 justificationes
800 1478 860 1545 Dei
877 1487 909 1545 et
928 1479 1145 1565 dispositiones
1162 1481 1240 1566 ejus,
1256 1489 1369 1544 semet-

218 1587 302 1672 ipsos
316 1595 461 1674 arguunt,
481 1585 562 1649 sicut
577 1593 610 1648 et
628 1584 789 1670 presbyter
810 1582 941 1647 dicebat.
989 1581 1022 1646 Si
1041 1582 1124 1646 enim
1143 1603 1204 1646 non
1220 1582 1252 1645 in
1268 1583 1370 1668 typica

217 1688 407 1775 protectione
429 1687 501 1752 ¹hoc
521 1685 727 1751 consensisset
750 1685 847 1763 Deus,
869 1683 960 1748 hodie
982 1684 1015 1747 in
1036 1706 1108 1750 vera
1127 1694 1234 1748 nostra
1253 1685 1369 1769 profec-

218 1791 314 1867 tione,
328 1790 361 1854 id
375 1799 435 1866 est,
451 1789 483 1853 iu
497 1788 558 1854 lide
572 1788 604 1851 in
620 1810 682 1874 qua
696 1809 803 1852 sumus
817 1786 990 1863 constituti,
1012 1808 1067 1872 per
1081 1809 1174 1873 quam
1189 1787 1228 1851 de
1243 1810 1371 1852 numero

219 1893 381 1981 gentilium
395 1891 512 1957 exemti
526 1913 644 1967 sumus,
662 1912 754 1955 nemo
768 1899 892 1976 poterat
906 1890 1028 1955 salvari.
1073 1891 1192 1956 Omnes
1211 1893 1294 1957 enim
1315 1913 1372 1956 nos

219 2005 275 2061 aut
296 1996 418 2061 modica
439 2002 495 2059 aut
516 1994 643 2080 grandis
663 1994 804 2079 sequitur
825 1995 990 2080 possessio,
1013 2016 1106 2081 quam
1129 2016 1169 2059 ex
1195 2017 1372 2060 mammona

218 2098 391 2184 iniquitatis
404 2097 633 2182 acquisivimus.
678 2095 774 2161 Unde
788 2097 871 2162 enim
886 2096 997 2161 domus
1011 2098 1043 2160 in
1059 2097 1170 2182 quibus
1183 2097 1370 2172 habitamus,

219 2210 252 2267 et
269 2199 455 2265 vestimenta
474 2199 586 2285 quibus
601 2198 767 2276 induimur,
787 2208 819 2262 et
833 2220 908 2264 vasa
922 2200 1035 2283 quibus
1055 2199 1181 2276 utimur,
1202 2208 1234 2264 et
1254 2200 1372 2284 reliqua

220 2303 321 2368 omnis
334 2303 375 2367 ad
389 2303 567 2367 diuturnam
581 2301 677 2367 vitam
692 2311 832 2366 nostram
846 2302 1058 2381 'ministratis
1079 2303 1138 2367 nisi
1156 2326 1196 2368 ex
1215 2303 1274 2381 his,
1290 2326 1371 2390 quae,

220 2429 292 2472 cum
314 2405 431 2471 ethnici
453 2426 601 2481 essemus,
625 2405 665 2469 de
693 2404 823 2469 avaritia
852 2405 1082 2490 acquisivimus,
1106 2406 1153 2471 vel
1173 2407 1214 2470 ab
1237 2406 1372 2471 ethnicis

219 2510 399 2597 parentibus
423 2517 479 2573 aut
501 2508 644 2596 cognatis
671 2518 728 2574 aut
759 2508 877 2586 amicis,
904 2510 944 2573 de
969 2509 1121 2595 injustitia
1141 2510 1372 2595 acquirentibus

221 2612 434 2700 percepimus!
464 2620 501 2676 ut
528 2632 592 2675 nou
617 2610 768 2688 dicamus,
794 2609 868 2696 quia
888 2619 921 2676 et
942 2632 1024 2676 nunc
1046 2613 1079 2675 in
1102 2611 1164 2676 lide
1186 2613 1373 2677 exsistentes

220 2715 417 2802 acquirimus.
452 2714 530 2795 Quis
543 2714 626 2778 enim
641 2713 756 2791 vendit,
771 2722 804 2777 et
818 2734 880 2777 uon
894 2713 1007 2779 lucrari
1022 2714 1087 2779 vult
1101 2715 1142 2778 ab
1157 2737 1194 2779 eo
1209 2715 1262 2800 qui
1277 2715 1373 2779 emit!

223 2818 300 2901 Quis
314 2828 419 2882 autem
434 2817 520 2893 emit,
531 2825 564 2881 et
576 2836 639 2880 non
653 2815 719 2879 vult
733 2814 851 2880 utiliter
863 2837 969 2881 secum
989 2817 1042 2904 agi
1057 2818 1098 2881 ab
1112 2839 1150 2881 eo
1164 2818 1234 2902 ³qui
1249 2817 1373 2882 vendit?

223 2920 302 3002 Quis
320 2929 426 2984 autem
447 2918 612 3005 negotians
631 2938 693 2982 uon
711 2926 875 3003 propterea
894 2919 1081 3006 negotiatur,
1106 2929 1142 2984 ut
1161 2920 1234 2985 inde
1253 2921 1374 2984 alaturl

223 3021 306 3104 Quid
326 3029 432 3086 autem
451 3028 484 3084 et
504 3019 536 3083 hi
560 3018 630 3105 ‘qui
650 3019 683 3082 in
705 3019 802 3106 regali
824 3020 895 3085 aula
916 3030 990 3085 sunt
1010 3021 1127 3100 fideles,
1149 3044 1251 3088 nonne
1270 3045 1310 3087 ex
1329 3021 1375 3087 eis

223 3146 292 3210 quae
309 3122 442 3188 (laesaris
457 3129 532 3187 sunt
551 3122 668 3187 babent
683 3123 838 3201 utensilia,
856 3123 952 3188 ethis
967 3125 1019 3210 qui
1043 3130 1126 3190 “nou
1143 3127 1260 3191 habent
1281 3148 1374 3190 unus·

223 3227 352 3312 quisque
381 3246 487 3290 eorum
515 3225 685 3290 secundum
719 3230 829 3291 ⁶suam
858 3226 1004 3292 virtutem
1032 3231 1182 3313 praestatt
1225 3229 1374 3314 AEgyptii

224 3328 346 3414 ⁰populi
370 3337 459 3392 erant
478 3326 634 3392 debitores
651 3349 713 3392 non
734 3327 833 3392 solum
856 3351 969 3406 rerum,
984 3330 1039 3394 sed
1057 3338 1090 3394 et
1105 3331 1176 3395 vitae
1191 3353 1266 3408 suae,
1284 3353 1374 3417 prop

224 3441 274 3498 ter
295 3431 478 3518 patriarchis
498 3430 522 3494 J
523 3431 619 3517 oseph
641 3431 867 3517 praecedentem
888 3432 1134 3519 benignitatem:
1158 3434 1247 3499 nobis
1268 3444 1374 3498 autem

274 3614 284 3647 ¹
302 3613 558 3678 Hoc...professione.
595 3614 649 3665 Octo
659 3614 705 3663 leus
714 3629 779 3663 voces
825 3615 909 3663 acribo
916 3615 1040 3677 prabum
1050 3617 1182 3678 mqverttio:
1197 3617 1223 3666 id
1235 3624 1279 3679 est,
1292 3618 1317 3666 ln
1327 3618 1375 3666 fide

225 3696 324 3748 aVu'r.
337 3696 503 3747 Ood.restituit
510 3697 668 3758 onquasct
679 3695 777 3744 Vota-
826 3696 910 3760 inqus
920 3713 1006 3746 sumus
1017 3699 1148 3747 constituti
1159 3717 1165 3758 ;
1178 3699 1213 3747 nd
1223 3716 1276 3762 qum
1284 3701 1376 3765 profes·

226 3780 261 3830 bct
269 3778 453 3842 (adsiccata).
472 3779 527 3839 Sed,
539 3779 634 3827 nisime
645 3778 778 3840 conjectura
826 3776 919 3826 sionem
931 3777 1009 3840 mugra
1022 3794 1096 3841 msam
1109 3780 1285 3843 prosectionem
1297 3782 1375 3843 quod·

221 3859 300 3925 saliit,
310 3876 359 3924 pro
369 3860 519 3924 professione
536 3859 668 3922 kpeadurrt
685 3860 777 3924 profec·
826 3861 990 3920 rcrcputooit.
1004 3860 1054 3910 Gn.
1073 3862 1125 3910 Aa.
1134 3862 1208 3910 omits
1214 3864 1257 3911 tbe
1263 3879 1374 3927 passage.

226 3944 302 4003 tione,
314 3943 351 3990 ito
360 3949 387 3990 ut
396 3958 454 3990 vera
465 3947 550 3990 nostra
560 3942 679 4005 profectio
688 3941 777 4005 typicas
827 3941 865 3991 cf.
872 3944 957 4002 έξοδός,
970 3961 993 4003 4.
1006 3958 1028 3992 a.
1040 3943 1092 3992 also
1104 3943 1147 3992 the
1158 3949 1217 3992 note
1227 3946 1256 3992 os
1267 3945 1352 3993 Mass.

226 4025 373 4090 profectioni
384 4031 528 4086 opponatur.
551 4023 592 4072 Sic
602 4023 666 4071 mim
677 4030 698 4072 st
705 4022 778 4070 initio
875 4022 887 4055 ¹
902 4025 962 4083 Aa„
977 4025 1064 4075 Multo.
1078 4038 1108 4076 11.
1120 4025 1248 4077 miseratio.

227 4106 344 4171 aquosis
364 4106 454 4169 capitia
480 4104 532 4155 ort:
560 4105 686 4155 Universa
711 4105 777 4154 enim
875 4104 886 4137 ¹
902 4107 954 4155 Ab.
968 4107 1039 4170 quod.

229 4205 285 4253 quse
299 4205 330 4237 ex
343 4188 457 4253 AEgypto
471 4188 590 4252 profectio
605 4187 681 4236 flebat
692 4187 778 4251 populi
875 4187 887 4219 ⁴
911 4187 997 4236 Fidem
1016 4187 1108 4237 coristi
1129 4190 1165 4238 cd
1181 4191 1283 4240 rituam
1305 4207 1378 4254 usque

229 4285 245 4317 a
256 4268 318 4328 Deo,
335 4273 411 4332 typus
424 4273 450 4317 et
463 4269 545 4332 imago
559 4269 607 4316 fuit
620 4268 778 4332 profectionis
826 4268 926 4332 imper-ii
940 4270 1045 4318 Romani
1056 4271 1152 4320 ordines
1166 4280 1187 4320 ct
1197 4273 1324 4336 principer
1334 4274 1377 4321 boc

228 4348 352 4408 Ecclesiae,
365 4366 422 4412 quoe
436 4355 491 4398 erat
504 4351 591 4399 futura
604 4366 635 4398 ex
645 4349 778 4414 genabum
827 4351 1047 4413 mutaturam,
1061 4368 1090 4401 a
1098 4351 1138 4400 to
1148 4353 1309 4416 manifestum.
1325 4353 1375 4402 Gn.

228 4430 345 4492 pwnwdo
356 4437 377 4478 ct
387 4430 430 4480 boc
441 4431 491 4480 loco
501 4431 636 4494 subjungit:
647 4447 778 4495 perquam
876 4431 887 4464 ⁵
899 4448 954 4491 non,
963 4448 1040 4483 mom.
1058 4433 1126 4482 Both
1133 4434 1161 4482 of
1170 4434 1240 4482 thess
1247 4435 1327 4482 words
1336 4450 1378 4482 ars

229 4511 260 4560 de
278 4527 381 4560 numero
403 4513 534 4576 gentilium
556 4513 665 4578 exempti
682 4529 776 4562 sumus.
828 4513 933 4563 omitted
943 4514 968 4562 in
981 4514 1024 4562 the
1035 4513 1135 4563 Cannu.
1150 4514 1206 4563 MS„

231 4592 383 4643 &sadonem
407 4601 486 4643 auum
508 4595 647 4644 mittatiom'o
669 4594 780 4658 imperio
877 4594 889 4627 ⁸
908 4595 949 4645 Sc.
966 4595 1078 4646 ludoici.
