3000 4994
235 339 300 410 178
627 356 736 412 nscrs
762 354 998 410 aurnunsmo

94 528 191 617 npphp
300 513 332 575 s.
376 509 530 592 Quoniam
543 517 649 575 autem
664 511 724 574 hoc
740 509 875 596 primum
893 516 924 574 et
940 508 1110 573 maximum
1125 512 1314 594 praeceptum
1328 515 1388 586 est,

71 618 220 708 flffippj·
236 616 384 697 ¹scquens
405 619 511 677 autem
527 633 602 698 erga
617 612 801 698 proximum,
823 610 977 676 Dominus
991 610 1106 689 docuit,
1127 616 1227 674 totam
1240 608 1341 696 legem
1356 617 1390 674 et

71 712 217 795 „Q
234 716 401 802 prophetas
415 716 548 802 pendere
563 715 669 781 dicens
683 738 723 780 ex
739 715 814 800 ipsis
827 713 1001 800 praeceptis.
1046 712 1091 777 Et
1105 712 1170 798 ipse
1185 720 1290 776 autem
1305 710 1388 775 eliud

70 825 192 918 ffiffll
234 821 336 906 majus
359 819 418 883 hoc
444 824 599 905 prsccepto
621 840 685 883 non
705 817 834 883 detulit:
860 817 916 882 sed
937 817 996 882 hoc
1020 817 1122 902 ipsum
1143 814 1302 879 renovavit
1322 814 1389 880 suis

235 920 404 1007 discipulis,
425 921 539 1006 jubens
565 920 626 986 ²eis
653 920 758 985 Deum
779 919 906 1007 diligere
927 941 967 984 ex
989 918 1181 996 totocorde,
1204 925 1237 982 et
1258 923 1389 981 caeteros

235 1023 494 1110 quemadmodum
508 1045 553 1088 se.
585 1023 619 1089 si
632 1031 739 1088 sutem
753 1024 794 1087 ab
808 1022 869 1087 alio
878 1016 1218 1097 descendisset⁸Patre‚
1230 1039 1388 1105 nunquam

234 1151 275 1193 ex
296 1127 382 1214 Lege
401 1126 499 1213 primo
519 1134 552 1191 et
571 1147 693 1191 summo
712 1147 787 1191 usus
806 1133 890 1190 esset
908 1132 1073 1210 praecepto,
1093 1124 1147 1189 sed
1166 1123 1272 1208 utique
1290 1123 1388 1188 omui-

235 1230 327 1294 modo
347 1229 515 1295 eniteretur
529 1230 631 1315 majus
647 1229 707 1294 hoc
726 1248 747 1292 a
765 1228 904 1315 perlecto
922 1224 1019 1291 Patre
1039 1226 1168 1304 deferre,
1188 1246 1251 1290 non
1272 1229 1326 1290 ²eo
1341 1226 1388 1290 uti

71 1350 221 1391 Romnum
234 1333 316 1418 quod
331 1355 351 1397 a
365 1334 435 1397 Deo
451 1331 548 1419 Legis
561 1332 671 1396 fuisset
685 1331 803 1396 datum.
850 1330 896 1394 Et
911 1327 1029 1395 Paulus
1043 1336 1166 1394 sutem:
1190 1328 1388 1415 Adimplstio,

71 1455 220 1497 rossum
234 1435 344 1522 inquit,
364 1437 450 1521 Lapis
463 1435 601 1500 ditectio:
624 1443 658 1500 et
672 1433 815 1499 omnibus
829 1432 950 1498 caeteris
961 1432 1128 1509 evacuatis,
1143 1451 1268 1495 manere
1282 1430 1388 1507 fidem,

233 1561 331 1625 spem,
346 1538 560 1613 dilectionem
579 1536 728 1624 mojorem
747 1545 854 1603 autem
872 1559 940 1603 esse
957 1537 1095 1603 omnium
1115 1536 1330 1601 dilectionem:
1354 1542 1387 1600 et

74 1663 220 1705 tcoranta
233 1664 334 1728 neque
362 1640 554 1728 agnitionem
575 1640 643 1706 sine
664 1640 830 1706 dilectione
853 1662 924 1727 quse
945 1649 994 1706 est
1016 1660 1091 1727 ergs
1112 1638 1217 1703 Deum
1239 1645 1387 1723 praestars

232 1744 367 1830 aliquid3
388 1766 488 1831 neque
502 1745 720 1831 mysteriorum
739 1744 1045 1831 comprehensionem
1064 1763 1165 1828 neque
1178 1743 1272 1807 fidem
1287 1763 1388 1829 neque

233 1846 437 1931 prophetiam,
464 1847 520 1911 sed
548 1846 654 1912 omnis
681 1867 778 1912 vacus
807 1856 840 1912 et
865 1849 980 1913 frustra
1008 1868 1077 1912 esse
1105 1846 1173 1911 sine
1202 1844 1385 1910 dilectione:

233 1950 431 2015 dilectionem
443 1972 515 2016 vero
529 1951 676 2038 perficere
694 1952 865 2038 perlectum
884 1951 1060 2026 hominem;
1084 1958 1118 2016 et
1131 1971 1203 2016 eum
1219 1949 1272 2036 qui
1287 1949 1387 2036 diligit

234 2052 339 2118 Deum
361 2073 430 2119 esse
454 2055 634 2140 perlectum,
657 2063 691 2120 et
709 2055 743 2118 in
764 2054 824 2121 hoc
850 2077 917 2121 sevo
938 2065 972 2121 et
992 2055 1025 2119 in
1047 2055 1161 2120 futuro.
1219 2051 1387 2139 Nunquam

234 2156 318 2223 enim
339 2156 509 2223 desinimus
539 2157 703 2246 diligentes
725 2159 848 2233 Deum;
875 2159 931 2224 sed
953 2158 1161 2245 quantoplus
1189 2177 1261 2222 eum
1282 2156 1386 2222 intuiti

233 2261 391 2341 fuerimus,
406 2268 496 2328 tuoto
509 2261 580 2349 plns
594 2284 666 2328 eum
680 2262 847 2350 diligimus.

676 2543 777 2610 OAP.
801 2544 947 2611 XXIII.

233 2698 295 2774 Dc
314 2697 543 2775 Pharsalos
569 2700 664 2798 lege:
697 2729 776 2801 quoe
802 2712 886 2776 sunt
910 2698 1164 2800 particulatio
1188 2711 1383 2799 precepto,

641 2830 674 2891 et
691 2844 769 2916 qrtae
786 2817 974 2893 catholico.

299 2989 328 3052 1.
376 2987 417 3050 In
440 2987 527 3075 Lege
544 2989 641 3077 igitur
659 2990 739 3054 etin
754 2990 925 3078 Evangelio
940 3009 1012 3055 cum
1031 2989 1073 3054 ait
1087 2989 1223 3075 primum
1240 2996 1273 3053 et
1287 2989 1385 3052 moxi-

232 3108 318 3152 mum
333 3097 531 3174 prseceptum,
548 3090 676 3178 diligere
690 3092 861 3157 Dominum
877 3091 981 3156 Deum
1000 3113 1040 3157 ex
1054 3097 1122 3156 toto
1140 3091 1250 3165 corde3
1273 3089 1385 3155 dehinc

232 3191 332 3257 simile
352 3191 405 3270 illi,
421 3192 547 3280 diligere
567 3194 741 3279 proximum
760 3196 845 3261 sicut
858 3195 1013 3282 seipsum:
1037 3216 1118 3260 unus
1132 3202 1165 3259 et
1179 3193 1261 3258 idem
1281 3202 1384 3258 osten·

163 3328 165 3330 ·
233 3293 317 3359 ditur
333 3294 429 3381 Legis
443 3304 476 3360 et
491 3294 654 3383 Evangelii
668 3297 819 3363 conditor.
857 3298 1088 3363 Oonsummstae
1103 3296 1186 3361 enim
1200 3295 1272 3360 vitae
1292 3295 1384 3381 ‘prse-

232 3403 325 3482 eepta
334 3396 366 3460 iu
378 3405 509 3483 utroque
519 3399 720 3466 Testamento
735 3423 807 3466 cum
820 3401 884 3466 sint
895 3401 1014 3480 eadem,
1025 3401 1158 3465 eundem
1168 3400 1385 3465 ⁶0stenderunt

233 3496 355 3563 Deum:
372 3500 432 3586 qui
446 3501 644 3586 particularis
658 3503 782 3589 quidem
804 3512 960 3592 praecepta
974 3513 1048 3590 epta
1062 3504 1201 3590 utrisque
1215 3503 1381 3590 praecepit;

231 3601 288 3667 sed
301 3603 503 3669 eminentiora
517 3614 549 3670 et
569 3628 701 3686 summa,
717 3608 784 3673 sine
800 3606 911 3694 quibus
925 3609 1036 3674 salvari
1056 3616 1191 3685 nonest,
1207 3607 1239 3671 in
1254 3615 1385 3693 utroque

231 3705 341 3771 endem
357 3707 465 3773 suasit.
510 3709 611 3791 Quem
632 3718 738 3775 autem
759 3733 821 3776 non
839 3712 1009 3777 confundat
1031 3711 1196 3789 Dominus,
1218 3711 1385 3776 ostendens

230 3830 294 3873 non
305 3810 346 3874 ab
360 3810 458 3875 altero
473 3810 544 3876 Deo
559 3833 628 3877 esse
644 3812 772 3899 Legem,
787 3815 832 3879 sic
848 3809 954 3879 dicens
968 3813 1014 3878 eis
1030 3813 1084 3900 qui
1100 3835 1169 3879 ose
1183 3813 1384 3891 docebantur,

70 3931 130 3973 mn
140 3931 199 3973 um
231 3914 333 3977 turbae
356 3921 389 3977 et
411 3913 587 4001 discipulis:
623 3915 724 4002 Sopor
745 3916 922 3982 cathedram
942 3917 1046 4001 Mopsi
1065 3917 1208 3982 sederunt
1228 3914 1336 3980 stridor
1358 3925 1387 3980 et

68 3979 122 4020 Η
232 4015 400 4082 Phorisoei.
447 4018 558 4083 Omnia
580 4020 683 4104 itaque
705 4038 889 4106 qaoeoooqas
914 4021 1051 4085 dicmnt
1076 4018 1166 4099 ooth,
1188 4018 1331 4084 cudodito
1357 4028 1387 4084 ot

223 4120 347 4203 facitu
369 4120 532 4185 esnone
545 4130 647 4187 satem
663 4144 757 4210 opero
775 4143 877 4188 eoram
890 4122 1116 4207 nolitcsaccre:
1138 4123 1244 4188 dictmt
1258 4122 1337 4186 enim
1357 4130 1387 4186 ct

280 4305 291 4338 ²
307 4322 403 4370 sequeno
418 4316 505 4371 osam,
520 4311 648 4362 ἀκόλουθος
661 4313 688 4361 dd
700 4311 716 4372 ἡ
728 4312 782 4375 περὶ
880 4310 891 4342 ⁴
908 4317 1035 4374 Μαρία.
1072 4311 1126 4361 'I'he
1152 4310 1253 4361 Cum.
1277 4311 1338 4360 adds
1365 4317 1386 4359 et

231 4384 273 4434 *δ’
290 4387 402 4448 πλησίον,
414 4396 602 4440 ammentum.
831 4391 966 4456 Evangelii,
980 4395 1027 4444 but
1041 4394 1168 4459 evidently
1179 4409 1206 4443 as
1221 4408 1237 4441 s
1252 4392 1385 4457 repetition

280 4464 505 4521 ’dcundcoinfn
518 4471 713 4523 omittedinthc
725 4473 769 4523 (It.
831 4473 1093 4540 hnmthcpmeeding
1103 4480 1225 4524 senuncc.

280 4545 353 4598 'Cu
365 4550 485 4602 &Patra
881 4554 953 4607 ⁸011.
966 4555 1116 4606 modom.
