3000 4994
242 392 307 458 296
704 404 921 459 rueramus

101 580 204 668 ”iffi
322 589 354 638 2.
403 567 474 640 Kal
495 567 596 644 οῦτως
614 569 771 667 πρωτεύει
789 566 848 652 μὲν
867 567 899 639 ἕν
917 570 1020 639 πᾶσιν
1038 570 1056 639 ὁ
1071 566 1164 651 Θεδς,
1186 566 1276 638 ixei
1293 565 1395 649 μόνος

107 673 200 760 ⁰1¹}‚lv
242 680 428 772 ἆγένυητος,
461 681 515 753 καὶ
553 686 686 780 πρῶτος
722 678 863 765 πόντων,
894 682 947 751 καὶ
985 687 1049 753 τοῦ
1081 679 1159 751 εἶναι
1195 689 1267 756 τοῖς
1307 685 1394 749 πᾶσι

89 766 218 853 {mil
241 795 429 892 παραίτιος·
458 790 503 866 vti
528 791 563 863 δὲ
588 792 694 864 λοιπὰ
719 790 831 865 πάντα
856 794 888 864 ἕν
912 796 1068 886 ῦποταγῆ
1092 795 1177 876 με’νει
1208 797 1272 863 τοῦ
1294 792 1393 861 θεοῦ.
1409 807 1492 850 lm

242 907 442 997 ιὟποταγῆ
462 904 496 976 δὲ
514 907 610 990 Θεοῦ,
623 906 811 1006 ἆφθαρσία·
830 905 883 976 καὶ
897 907 1072 1005 παραμονῆ
1089 905 1293 1004 ἀφθαρσίας,
1310 902 1394 997 δόξα

242 1017 430 1109 ἇγὲννητος.
449 1017 516 1089 Διὰ
529 1020 650 1101 ταύτης
660 1026 719 1102 τῆς
730 1016 861 1113 τάξεως,
875 1019 928 1089 καὶ
942 1023 1008 1090 τῶν
1019 1019 1179 1090 τοιούτων
1187 1021 1328 1116 ῥυθμῶν,
1339 1016 1394 1087 καὶ

241 1138 300 1213 τῆς
318 1133 473 1214 τοιαύτης
490 1131 632 1222 ἆγωγῆς,
659 1133 678 1201 ό
703 1129 856 1222 γεννητὸς
876 1130 930 1201 καὶ
957 1132 1194 1213 πεπλασμένος
1218 1129 1394 1228 ἅνθρωπος

241 1245 318 1315 κατ’
331 1245 436 1315 εἰκόνα
452 1243 505 1314 καὶ
526 1245 684 1327 ὁμοίωσιν
701 1249 764 1315 τοῦ
782 1243 963 1335 ἆγεννῆτου
980 1245 1107 1336 γίνεται
1127 1243 1222 1313 Θεοῦ·
1252 1248 1317 1314 τοῦ
1333 1239 1393 1325 μὲν
1405 1270 1483 1312 oasa

243 1354 386 1456 Πατρός
406 1355 612 1433 εὐδοκοῦντος
629 1356 683 1426 καὶ
699 1357 898 1440 κελεύοντος,
918 1363 980 1427 τοῦ
998 1355 1033 1426 δὲ
1052 1357 1134 1426 Υἶοῦ
1151 1351 1393 1454 2πράσσοντος

240 1468 294 1538 καὶ
313 1467 599 1568 δημιουργοῦντας,
610 1475 675 1539 ποῦ
691 1466 726 1539 δὲ
744 1468 939 1552 Πνεῦματος
952 1468 1206 1567 τρέφοντοςκαὶ
1223 1466 1391 1561 αὔξοντος,

240 1587 304 1652 τοῦ
321 1578 356 1652 δὲ
379 1582 553 1680 ἀνθρώπου
571 1582 673 1680 ῆρέμο
691 1581 957 1680 προκόπτοντος,
975 1581 1028 1651 roi
1047 1579 1131 1680 πρδς
1149 1582 1280 1652 τέλειον
1299 1580 1393 1679 ἆνερ-

239 1693 392 1788 χομὲνου,
409 1695 580 1777 τουτέστι,
600 1695 746 1775 πλησίον
770 1699 833 1764 τοῦ
854 1694 1034 1785 ἆγεννῆτου
1054 1695 1236 1785 γινομένου·
1263 1693 1393 1769 τέλειος

240 1803 310 1903 γδιρ
336 1808 355 1876 ὁ
380 1806 568 1898 ἆγέννητος·
595 1803 692 1881 οῦτος
718 1803 754 1875 δέ
775 1807 849 1876 ἐστι
876 1806 968 1882 Θεός.
1018 1803 1116 1876 Ἔδει
1135 1804 1169 1876 δὲ
1186 1804 1248 1877 τδν
1268 1804 1394 1903 ἅνθρω-

239 1948 304 1988 πον
320 1922 455 2017 πρῦντον
480 1919 645 2009 γενέσθαι,
663 1916 717 1987 καὶ
743 1919 918 2008 γενόμενον
941 1916 1088 2012 αῦξῆσαι,
1117 1918 1170 1988 καὶ
1199 1916 1392 2011 αῦξῆσαντα

239 2026 447 2128 ἀνδρωθῆναι,
479 2030 532 2100 καὶ
564 2028 771 2129 δνδρωθὲντα
806 2033 1035 2113 πληθυνθῆναι,
1071 2030 1124 2100 καὶ
1161 2032 1391 2112 πληθυνθὲντα

238 2141 421 2238 ἐνισχῦσαι,
441 2141 495 2213 καὶ
516 2143 737 2238 ε’νισχῦσαντα
758 2139 968 2235 δοξασθῆναι,
994 2142 1047 2213 καὶ
1078 2140 1285 2235 δοξασθέντα
1314 2142 1393 2213 ἰδεῖν

237 2252 299 2325 πδν
319 2257 438 2326 ἑαυτοῦ
454 2252 631 2338 δεσπότην.
677 2252 761 2331 Θεδς
788 2252 856 2354 γδρ
886 2257 904 2325 ὁ
928 2256 1061 2337 μέλλων
1086 2257 1242 2354 ὁρᾶσθαι·
1273 2257 1392 2355 ὅρασις

238 2363 272 2438 δὲ
297 2368 385 2438 θεοῦ
412 2367 643 2467 περιποιητικῆ
669 2367 875 2466 ἆφθαρσῖας·
905 2367 1085 2466 ἆφθαρσῖα
1116 2365 1151 2436 δὲ
1180 2367 1281 2460 ε’γγδς
1311 2368 1390 2439 εἶναι

235 2490 326 2552 ποιεῖ
346 2479 441 2551 Θεοῦ.

302 2657 333 2720 2.
377 2653 441 2718 Et⁸
458 2653 504 2719 sic
518 2651 779 2739 principalitatem
799 2650 922 2735 quidem
938 2651 1066 2716 habebit
1080 2652 1113 2716 in
1127 2653 1271 2719 omnibus
1292 2654 1392 2734 Deus,

235 2757 399 2842 ⁴quoniam
414 2765 447 2821 et
466 2754 551 2820 solus
566 2755 709 2831 infectus,
725 2761 758 2817 et
773 2753 856 2839 prior
871 2753 1019 2831 omnium,
1040 2763 1073 2820 et
1087 2754 1243 2833 omnibus,
1264 2765 1301 2821 ut
1315 2757 1391 2836 sint,

235 2859 302 2944 ipae
321 2866 370 2922 est
391 2879 504 2922 causa:
527 2856 647 2941 reliqua
669 2877 742 2921 vero
765 2855 870 2919 omnia
894 2855 927 2920 in
950 2856 1143 2941 subjectione
1165 2868 1297 2924 manent
1317 2861 1392 2927 Dei.

236 2957 395 3040 subjectio
409 2966 515 3022 autem
531 2956 602 3034 Dei,
619 2956 834 3042 incorruptelae
851 2958 1079 3042 perseverantia
1092 2968 1159 3024 est:
1181 2960 1393 3049 incorruptela

234 3069 341 3126 autem
355 3059 455 3147 gloria
468 3059 585 3124 inlecti.
623 3059 686 3123 Per
700 3059 780 3125 hanc
795 3060 893 3146 igitur
906 3060 1144 3139 ordinationem,
1160 3071 1193 3128 et
1210 3064 1392 3149 hujusmodi

234 3162 491 3238 convenientiam,
507 3168 540 3225 et
553 3160 625 3225 ⁶tali
641 3161 748 3239 ductu,
764 3162 866 3226 lactus
879 3170 912 3226 et
925 3162 1096 3247 plasmatus
1111 3164 1205 3230 homo
1219 3167 1393 3232 secuudum

233 3264 401 3350 imaginem
415 3271 448 3328 et
459 3261 692 3327 similitudinem
707 3263 908 3328 constituitur
921 3264 1028 3329 infecti
1046 3266 1106 3330 Dei
1120 3292 1127 3331 :
1154 3267 1252 3332 Patre
1265 3270 1392 3354 quidem

233 3367 314 3431 bene
327 3364 493 3442 sentiente,
508 3368 562 3428 ⁰et
573 3365 723 3449 jubente;
751 3364 833 3428 Filio
847 3386 921 3430 vero
940 3365 1147 3444 ministrante,
1163 3377 1196 3434 et
1216 3370 1390 3447 fomenta

235 3467 354 3554 Spiritu
375 3487 447 3532 vero
469 3465 635 3542 nutriente,
658 3474 691 3530 et
710 3474 865 3553 augente3
890 3465 1016 3532 homine
1033 3489 1106 3533 vero
1126 3470 1278 3554 paulatim
1299 3476 1392 3558 profi·

233 3571 346 3648 ciente,
361 3580 395 3635 et
408 3569 606 3656 perveniente
620 3570 661 3634 ad
672 3570 853 3654 perlectum,
869 3568 901 3632 id
916 3578 975 3647 est,
990 3571 1167 3656 proximum
1180 3574 1297 3639 inlecto
1312 3578 1390 3643 fieri.

234 3674 399 3740 Perfectus
422 3674 505 3738 enim
528 3681 578 3739 est
602 3672 752 3737 iniectus:
776 3671 827 3736 hic
849 3679 954 3735 autem
982 3680 1031 3737 est
1055 3673 1153 3740 Deus.
1200 3677 1392 3762 Oportuerat

232 3787 338 3844 autem
353 3778 510 3843 hominem
524 3777 625 3862 primo
639 3775 716 3852 lieri,
737 3783 769 3840 et
785 3774 902 3838 lactum
916 3774 1033 3861 augeri,
1049 3784 1081 3839 et
1100 3786 1229 3842 auctum
1245 3784 1392 3848 corrobe

232 3882 304 3960 rari,
325 3890 358 3947 et
372 3883 604 3947 corroboratum
622 3876 831 3963 multiplicari,
851 3885 884 3940 et
904 3877 1140 3961 multiplicatum
1162 3885 1390 3964 convalescere,

232 3984 499 4050 convalescentem
513 4004 585 4048 vero
605 3980 783 4069 glorificari,
798 3986 832 4043 et
852 3978 1059 4064 glorificatum
1079 3982 1184 4048 videre
1206 4007 1301 4052 suum
1325 3991 1391 4054 Do·

231 4086 360 4152 minum.
407 4087 495 4150 Deus
510 4084 594 4150 enim
605 4082 721 4168 estqui
736 4082 831 4146 habet
846 4080 960 4144 videri:
985 4082 1062 4147 visio
1076 4093 1183 4149 autem
1199 4087 1261 4152 Dei
1278 4092 1392 4159 efficax

231 4195 281 4252 est
295 4186 529 4273 incorruptela:
553 4183 761 4270 incorruptela
774 4202 846 4247 vero
860 4181 1036 4266 proximum
1051 4185 1128 4251 iacit
1142 4209 1213 4254 esse
1229 4190 1313 4259 Deo,

280 4361 325 4412 ¹l.
338 4365 475 4427 ἀγεννήτου.
501 4361 782 4427 Byasligbtalteration
834 4359 955 4422 Compare
967 4360 995 4408 0.
1009 4372 1100 4410 mvn
1117 4377 1139 4424 3.
1175 4365 1295 4428 &abjectio
1310 4381 1391 4422 autem

230 4445 273 4493 the
285 4445 367 4493 Greek
377 4461 437 4509 may
447 4446 479 4493 be
489 4443 646 4493 hermonised
663 4443 724 4491 with
739 4443 783 4490 tha
832 4440 882 4488 Dei
895 4441 1009 4503 requietio
1021 4449 1052 4489 est
1066 4450 1163 4493 otono.
1195 4447 1294 4498 (ἕως
1306 4455 1391 4503 W0u1d

229 4526 385 4584 translation,
403 4526 516 4586 ὑπσταγὴ
531 4526 557 4573 δὲ
571 4525 633 4573 θεοῦ
647 4523 782 4585 ἀφθαρσίας
831 4527 960 4585 transpose
970 4523 1013 4571 the
1024 4522 1109 4573 Latin.

221 4606 359 4667 παραμνη,
380 4605 507 4669 mapale
521 4604 548 4655 n
566 4603 778 4668 lota-avevrlsroo.
880 4600 891 4633 ¹
909 4603 1066 4665 πράσσοντος.
1099 4607 1271 4662 Διακονοῖυτος
1279 4613 1342 4678 legit
1349 4617 1390 4665 In·
