3000 4994
221 328 288 394 260
565 341 756 397 rumorum
781 341 823 396 IN
849 339 1018 394 DOOE'I'AS

62 509 206 596 nupti-1¹2
220 503 279 575 est,
301 503 334 560 et
350 493 576 582 praecellentior
595 494 739 581 quisnam
756 492 798 559 sit
816 493 896 558 alius
916 493 977 557 nisi
997 490 1114 556 ¹Filius
1135 489 1207 568 Dei,
1228 487 1269 552 ad
1288 489 1378 572 cujus

65 602 200 691 (QX-,¹53
220 599 452 664 similitudinem
480 599 582 664 fectus
611 606 660 662 est
685 599 796 662 homol
842 597 887 662 Et
910 604 1035 682 propter
1061 595 1120 659 hoo
1150 593 1200 655 ²in
1224 592 1286 655 fine
1310 591 1377 676 ipse

81 695 184 735 ”¹⁸²²
220 701 357 766 ostendit
371 701 615 780 similitudinem,
632 700 733 765 Filius
748 698 809 764 Dei
824 700 925 764 factus
940 706 989 763 est
1003 698 1106 776 homo,
1120 696 1280 781 antiquam
1295 693 1377 780 plas-
1390 716 1415 755 o.
1426 718 1470 757 aa.

220 803 390 868 mationem
410 803 443 866 in
465 803 668 887 semetipsum
682 801 864 888 suscipiens,
885 801 1145 887 quemadmodum
1165 797 1377 863 ³0stendimus

221 907 254 971 in
272 930 310 973 eo
325 907 403 972 libro
418 907 471 994 qui
486 915 535 972 est
549 907 608 971 hoo
623 905 775 991 superior.

286 1015 317 1077 2.
360 1011 384 1075 J
386 1010 523 1076 udioabit
539 1018 645 1076 autem
665 1019 697 1076 et
719 1032 774 1076 eos
792 1010 845 1095 qui
860 1009 1035 1096 putativum
1052 1008 1213 1073 inducunt.
1261 1007 1377 1087 Quem·

57 771 208 785 —U

220 1115 387 1180 admodum
407 1114 491 1179 enim
513 1114 572 1200 ipsi
592 1135 663 1178 vere
692 1135 726 1177 se
752 1120 864 1198 putant
886 1112 1054 1198 disputare,
1079 1111 1202 1196 quando
1226 1109 1376 1195 magister

220 1239 328 1282 eorum
349 1217 506 1302 putativus
523 1216 597 1281 fuiti
630 1218 719 1280 ⁴Aut
741 1215 1000 1302 quemadmodum
1021 1215 1145 1277 firmum
1165 1212 1239 1300 quid
1260 1212 1376 1283 hahere

220 1329 351 1406 possunt
365 1323 406 1385 ab
420 1342 468 1398 eo,
483 1320 512 1384 si
527 1320 686 1406 putativus
701 1328 734 1385 et
750 1341 813 1384 non
827 1319 941 1384 veritas
961 1320 1045 1383 erati
1092 1317 1254 1398 Quomodo
1269 1324 1376 1379 autern

181 1455 183 1463 ν
221 1424 280 1510 ἱροὶ
300 1423 433 1488 salutem
452 1445 524 1488 vere
542 1423 727 1509 participare
743 1429 884 1510 possunt,
903 1423 930 1488 si
950 1421 1012 1501 ille,
1033 1422 1066 1485 in
1083 1443 1175 1508 quem
1195 1419 1319 1484 credere
1341 1440 1376 1484 se

220 1526 337 1605 dicunt,
353 1525 553 1613 semetipsum
569 1525 744 1612 putativum
758 1526 957 1591 ostendebat?
985 1525 1187 1589 ⁵Putativum
1202 1531 1251 1588 est
1265 1523 1374 1610 igitur,

220 1638 254 1699 et
273 1652 337 1695 non
358 1629 482 1708 veritas,
502 1651 594 1693 omne
614 1628 697 1714 apud
718 1650 787 1694 eos:
811 1636 843 1692 et
865 1649 947 1693 nuno
965 1630 1032 1715 jam
1051 1636 1214 1712 quaeretur,
1236 1648 1275 1690 ne
1296 1626 1377 1691 forte

220 1737 309 1799 ⁶oum
335 1733 452 1820 stipsi
479 1732 621 1798 homines
647 1754 710 1797 non
735 1732 799 1796 sint
830 1731 886 1798 sed
915 1739 1002 1795 muta
1031 1730 1187 1810 animalia,
1214 1730 1378 1794 hominum

220 1839 347 1902 umbras
361 1837 444 1923 apud
459 1835 607 1923 plurimos
622 1836 807 1922 ⁷proierant.

280 1943 311 2005 3.
345 1939 369 2003 J
370 1939 510 2004 udioabit
521 1946 626 2003 auteur
642 1946 674 2003 et
686 1936 981 2024 pseudoprophetas,
994 1937 1122 2022 quinon
1132 1944 1262 2022 accepta
1273 1958 1292 1999 a
1305 1936 1376 2002 Deo

221 2042 403 2129 prophetica
423 2039 526 2128 gratis
548 2063 606 2106 neo
632 2041 736 2106 Deum
762 2039 920 2118 timentes,
943 2040 999 2103 sed
1022 2045 1095 2104 ⁸eut
1116 2048 1242 2126 propter
1263 2061 1377 2104 vanem

220 2146 362 2232 gloriam,
383 2145 494 2231 autad
510 2152 665 2231 quaestum
682 2145 827 2230 aliquem,
845 2152 901 2209 eut
919 2153 952 2208 et
968 2143 1059 2208 aliter
1075 2144 1246 2208 seeundum
1269 2165 1377 2228 opera·

221 2249 339 2314 tionem
359 2247 431 2314 mali
450 2248 587 2335 spiritus,
609 2248 732 2337 fingrmt
754 2270 789 2313 se
808 2247 1003 2335 prophetare,
1026 2247 1214 2313 mentientes
1229 2247 1377 2313 adversus

222 2350 338 2418 Deum.

271 2565 281 2597 ¹
301 2565 370 2626 Quod
386 2565 426 2616 bic
444 2566 540 2617 obrem
556 2566 646 2628 innuit,
665 2567 695 2617 r'd
711 2568 776 2618 olore
824 2569 866 2618 τὸν
878 2569 1028 2630 πεπονθέναι,
1043 2570 1110 2618 cirrol
1121 2571 1150 2619 rh
1162 2571 1237 2618 δοκεῖν
1248 2571 1322 2620 ὄντες.

222 2647 264 2699 lit.
277 2660 303 2698 v.
317 2646 383 2714 (cap.
400 2663 421 2710 r,
440 2647 468 2698 ia
479 2647 542 2714 fiae)
558 2650 677 2714 explicat.-
692 2665 776 2713 oempe
873 2648 884 2681 ⁶
900 2666 962 2710 mim,
977 2650 1080 2699 omitted
1089 2651 1117 2721 ¹iu
1129 2652 1171 2700 tho
1183 2651 1283 2700 Curam.
1296 2668 1368 2716 copy.

222 2730 257 2779 od
268 2729 399 2793 imaginem
415 2731 487 2782 Verbi
495 2732 551 2791 Dei,
562 2732 696 2782 lamnam
706 2740 777 2781 notu·
873 2730 885 2764 ⁷
901 2732 997 2780 Gaias
1012 2732 1083 2781 reads
1100 2733 1241 2794 prefuerat,
1257 2734 1322 2782 from
1333 2735 1377 2782 the

221 2828 278 2862 rom
291 2813 350 2861 olins
365 2813 506 2874 ammove,
521 2815 600 2863 Deam
613 2815 643 2863 ab
655 2813 727 2863 initio
741 2814 775 2877 ρ’-
824 2812 994 2863 abbreviation
1004 2815 1032 2863 of
1041 2815 1084 2863 the
1091 2816 1141 2863 Aa.
1152 2816 1210 2865 MS.
1236 2817 1373 2877 Massuur,

217 2893 341 2956 formosae
350 2894 477 2955 hominem,
491 2911 546 2944 eam
557 2894 633 2944 dixit:
646 2895 777 2944 Faciamus
824 2896 889 2944 from
901 2896 943 2945 the
955 2896 1097 2958 conver,
1108 2897 1311 2957 cnanu.,Voss.‚
1322 2915 1377 2961 per·

222 2972 349 3021 hominem
360 2973 392 3021 ad
403 2974 537 3037 imaginem
551 2980 577 3023 et
590 2975 777 3024 similitudinem
819 2977 913 3040 feram
940 2978 992 3026 The
1001 2979 1087 3028 earlier
1097 2980 1210 3039 editions,
1224 2981 1274 3029 and
1286 2981 1374 3031 Mune.

222 3059 342 3103 nostram.
368 3053 409 3102 Sic
420 3062 441 3103 et
451 3055 510 3104 Tm.
521 3056 574 3105 Res.
586 3056 628 3106 0„-
647 3057 778 3116 Quodcun-

223 3149 280 3196 que,
288 3133 375 3196 inqait,
387 3135 462 3198 hujus
468 3136 575 3185 hominis
583 3139 774 3202 exprimebatur,

224 3213 338 3263 Christus
346 3215 697 3279 cogitabaturhomofuturue.
718 3219 777 3269 Ooo-

223 3295 293 3344 reatit
309 3302 330 3344 et
347 3296 484 3346 omcmss
500 3299 595 3350 Horail.
614 3313 632 3350 r.
650 3301 678 3349 ia
696 3302 775 3353 oeae.

223 3375 263 3426 his
274 3378 364 3428 moti.-
378 3378 440 3438 Qua
451 3396 509 3444 ergo
521 3387 559 3431 est
569 3383 618 3431 alia
626 3383 708 3447 imago
719 3383 776 3444 Dei,

224 3457 257 3507 ad
274 3457 345 3521 cujus
361 3459 477 3522 imaginis
492 3461 679 3512 similitudinem
696 3464 778 3513 factus

224 3545 263 3591 eat
270 3540 351 3600 homo,
359 3541 408 3589 nisi
416 3540 530 3591 Salvator
536 3549 627 3604 noster,
637 3546 680 3609 qui
687 3552 725 3594 eat
731 3546 778 3609 pri·

223 3623 365 3686 mogenitus
372 3624 452 3673 omnis
459 3627 643 3676 creaturreldro.
657 3627 777 3679 suumn.

303 3705 335 3753 eir
351 3707 428 3754 τέλος.
463 3705 593 3756 Rendered
604 3714 633 3756 ιἰι
641 3708 698 3770 fine,
713 3721 738 3760 v.
756 3724 776 3759 1.

224 3785 278 3834 The
295 3786 396 3836 Casani.
415 3803 479 3852 copy
494 3789 638 3850 (annoticed
655 3791 689 3855 by
703 3791 777 3839 Mas·

224 3869 298 3931 sunu)
306 3869 358 3917 also
368 3869 414 3918 has
424 3870 474 3918 this
485 3870 596 3936 reading.
630 3871 674 3922 Al.
682 3871 766 3935 finem.

273 3948 285 3982 ³
302 3950 349 4015 Pr·
363 3952 404 4012 87,
419 3952 459 4013 8⁸,
476 3963 516 4018 95·

273 4029 285 4061 ⁴
300 4032 359 4091 Ant,
372 4031 422 4080 lost
435 4033 460 4080 iu
471 4033 513 4083 the
526 4034 659 4099 preceding
669 4035 737 4084 word
751 4036 778 4085 in

223 4113 267 4162 the
278 4113 379 4163 Curru.

273 4193 284 4226 ⁵
301 4196 393 4245 Omnia
404 4197 429 4245 in
441 4197 550 4262 imagine
561 4205 660 4263 urgent,
670 4200 744 4264 plane
752 4204 778 4248 et

223 4277 271 4341 ipsi
285 4278 425 4343 imaginarii
437 4280 581 4332 Christiani.
599 4282 678 4331 Tuan.
691 4297 711 4332 ο.
721 4282 775 4333 Vct.

225 4370 264 4420 ογ.
300 4359 426 4426 similarly
438 4362 464 4412 Β.
478 4363 611 4413 Ioannes
626 4364 661 4413 ad
678 4365 776 4428 Smyr-a.

224 4441 238 4500 ἓ
250 4455 273 4502 3,
282 4440 399 4492 'Armet
411 4462 472 4494 τινες
485 4446 584 4509 λέγουσι
601 4448 630 4498 τὸ
647 4449 723 4497 δοκεῖν
738 4450 777 4497 ab

825 3071 854 3109 11.
868 3059 945 3109 MSS.
961 3061 1024 3109 bave
1038 3060 1174 3123 prosectu,
1189 3062 1270 3111 which
1284 3063 1304 3110 is
1321 3079 1375 3126 pre·

825 3142 913 3202 ierred,
933 3148 979 3191 not
997 3143 1101 3191 because
1123 3144 1144 3191 it
1160 3145 1245 3192 makes
1262 3144 1305 3192 the
1321 3145 1377 3193 best

825 3239 895 3273 sense
907 3224 935 3272 of
946 3224 989 3272 the
1000 3224 1084 3285 Latin,
1098 3224 1144 3273 but
1159 3226 1263 3274 hemme
1276 3226 1319 3274 the
1333 3226 1376 3275 ab·

825 3306 935 3354 breviato
952 3306 1015 3354 sonu
1033 3323 1091 3371 may
1113 3307 1144 3355 be
1160 3307 1286 3372 variously
1308 3309 1375 3370 read,

825 3387 875 3436 and
883 3387 1011 3450 proferant
1022 3388 1043 3436 is
1054 3393 1119 3437 most
1130 3388 1205 3453 likely
1214 3393 1240 3437 to
1251 3395 1378 3452 represent

825 3470 868 3519 the
880 3470 963 3518 Greek
974 3470 1095 3533 original;
1110 3486 1157 3532 ay.
1171 3473 1215 3519 τὰς
1231 3472 1279 3518 τῶν
1291 3473 1377 3532 ἀνθρώ·

826 3565 878 3596 πων
888 3548 956 3596 oriar
967 3549 1030 3595 κατὰ
1041 3549 1095 3596 τοὺς
1107 3549 1202 3598 πλείους
1213 3550 1376 3611 περιφέρουσι.

826 3628 891 3694 [Int.
903 3629 920 3678 l.
933 3628 1098 3694 προφέρουσι]

874 3709 886 3743 ⁸
902 3719 945 3759 oat
952 3719 1052 3776 propter
1062 3729 1151 3762 ronam
1165 3714 1276 3777 gloriam,
1290 3723 1333 3764 arat
1344 3714 1379 3764 ad

825 3801 947 3857 mum,
954 3796 997 3843 the
1007 3801 1058 3844 two
1070 3797 1201 3860 impulsiva
1207 3799 1340 3862 principles
1352 3799 1382 3847 of

825 3875 859 3924 all
870 3876 930 3925 false
941 3877 1059 3941 prophete
1069 3895 1076 3936 ;
1093 3879 1115 3928 it
1128 3879 1150 3927 is
1162 3879 1253 3927 useless
1264 3885 1291 3928 to
1302 3879 1380 3944 apply

825 3973 841 4006 a
863 3958 1046 4008 characteristic
1068 3965 1096 4010 to
1114 3977 1164 4025 any
1182 3962 1261 4024 single
1282 3964 1379 4010 section

825 4037 882 4085 that
903 4037 1006 4102 belongs
1023 4040 1122 4104 equally
1137 4046 1163 4088 to
1181 4040 1221 4089 all.
1257 4040 1284 4088 It
1300 4057 1379 4089 seems

824 4134 893 4167 more
901 4118 1025 4183 probable,
1038 4121 1158 4181 however,
1175 4123 1231 4170 that
1247 4122 1289 4170 the
1307 4122 1375 4170 Mar·

825 4201 921 4250 cosians
934 4203 1075 4251 mentioned
1092 4203 1221 4252 elsewhere
1239 4204 1328 4252 should
1343 4205 1374 4252 bo

825 4283 941 4333 intended
957 4285 1021 4346 hors,
1034 4285 1097 4334 than
1111 4286 1154 4334 the
1168 4286 1330 4346 Montanists,
1349 4302 1378 4334 as

825 4365 921 4415 Gsana
932 4367 1060 4431 imagines,
1075 4367 1103 4416 of
1114 4368 1196 4417 whom
1211 4368 1337 4418 lausans
1355 4370 1377 4417 is

825 4448 955 4498 otherwise
968 4448 1050 4498 silent.
