3000 4994
554 385 673 438 DIVUS
698 386 852 439 PETRUS.
1236 372 1280 437 59

127 536 251 617 collecti,
268 548 296 602 et
309 538 416 625 repleti
429 549 502 605 sunt
520 561 618 604 omenes
637 540 763 626 Spiritu
776 550 888 619 coneto,
904 549 933 605 et
946 539 1144 626 loquebantur
1159 537 1282 603 corloon
1322 559 1375 641 ¹¹¹3.-
1387 557 1426 643 16η

127 638 192 703 Dei
214 662 283 704 cnm
301 641 437 724 fidncia,
468 642 553 706 omni
583 642 698 707 volenti
720 644 857 708 credere.
908 642 1030 707 Virtute
1052 643 1132 706 eninr
1157 663 1281 727 moyam
1303 615 1445 735 ffiffgls'ffff

128 742 238 826 inquit,
263 743 427 809 reddebant
447 746 645 809 testinnonium
665 746 801 831 Apostoli
815 746 1041 810 resurrectionis
1055 746 1182 809 Domini
1194 744 1281 821 Jesn,
1341 744 1404 782 Μ

128 845 267 910 dicentes
288 847 329 910 ad
351 868 425 911 eos:
450 847 534 911 Deos
549 858 679 933 potrum
702 858 869 912 nostrornm
891 849 1033 912 eceitooit
1054 848 1170 925 demoror,
1196 870 1283 934 quern
1299 856 1421 941 232¹,ng

128 969 177 1010 cos
202 948 463 1034 ‘apprehendistis
489 959 516 1013 et
539 951 733 1034 interfecistis
757 951 962 1036 suspendentes
990 953 1024 1014 in
1054 952 1144 1036 lipno.
1190 951 1282 1014 Hnno

128 1050 213 1113 Deus
227 1051 403 1136 principem
418 1061 446 1116 el
461 1051 651 1117 Solooloreno
665 1052 812 1117 ecaltooit
830 1052 947 1139 *plorio
960 1076 1026 1131 sod,
1042 1053 1120 1117 doro
1133 1053 1282 1138 poeniten

128 1153 206 1215 tione
225 1153 337 1229 Israel,
361 1162 389 1218 ct
409 1155 609 1218 rescissionem
623 1164 837 1240 peccatorum:
860 1164 888 1218 et
905 1177 956 1219 nos
970 1157 1004 1218 in
1023 1178 1055 1219 eo
1069 1164 1152 1218 testes
1165 1160 1284 1219 ⁸srornres

127 1277 295 1319 serrnoncm
316 1257 432 1334 lornrre,
453 1266 481 1320 et
496 1258 633 1343 Spiritus
645 1266 775 1335 sanetus,
796 1279 882 1343 quone
899 1258 983 1321 dedit
998 1258 1082 1321 Dens
1099 1256 1285 1321 credendibus

129 1360 168 1422 ei.
217 1358 307 1422 Oncni
326 1381 440 1445 qnoque
459 1360 519 1437 dio,
536 1360 647 1444 inquit,
663 1361 696 1424 in
712 1360 827 1445 templo,
843 1369 871 1423 et
886 1361 936 1423 ⁴in
954 1361 1038 1424 doncro
1056 1383 1114 1424 non
1133 1359 1284 1424 essebon
1301 1381 1413 1421 amnes

129 1462 261 1526 docesm
275 1472 302 1526 et
320 1462 551 1549 coorrpelisnntes
568 1463 719 1527 Christum
732 1463 838 1527 Jesnm
855 1463 971 1527 Filium
987 1464 1057 1529 Dei.
1105 1464 1186 1529 Haee
1201 1464 1285 1528 enim

130 1573 198 1628 erat
218 1564 328 1629 salutis
347 1565 477 1651 agnitio,
500 1587 570 1650 quae
591 1566 745 1650 periectos
762 1567 804 1630 ad
824 1566 927 1631 Deum
946 1566 1042 1632 efficit
1057 1587 1121 1643 eos,
1141 1566 1194 1652 qui
1211 1588 1285 1653 cog·

130 1676 264 1732 noscunt
281 1668 354 1732 Filii
370 1670 438 1754 ejus
452 1668 631 1733 adventum.

197 1775 226 1840 7.
273 1774 427 1854 Quoniam
451 1782 557 1838 autem
579 1773 775 1858 impudenter
792 1773 920 1860 quidam
939 1796 1047 1838 eorum
1069 1773 1186 1849 dicunt,
1202 1773 1285 1860 apud

131 1875 156 1939 J
158 1875 264 1941 udaeos
288 1885 503 1960 praeconantes
528 1877 673 1962 Apostoli
697 1898 761 1941 non
785 1885 931 1962 poterant
954 1876 1087 1942 alterum
1111 1877 1157 1941 eis
1180 1876 1286 1941 Deum

131 1980 317 2044 annuntiare
338 1988 452 2064 praeter
474 2002 555 2056 enm,
572 1981 625 2066 qui
647 1980 784 2045 creditus
804 1981 905 2046 luerat
918 1982 959 2045 ab
974 1980 1069 2065 ipsis;
1094 1980 1225 2044 dicimus
1243 1979 1286 2045 ad

131 2102 196 2157 eos,
223 2083 371 2166 quoniam
394 2083 422 2146 si
449 2082 621 2147 secundnm
644 2082 718 2147 olim
749 2082 876 2147 insitam
906 2083 1084 2168 opinionem
1108 2082 1286 2147 hominibus
1376 2074 1379 2080 ’

132 2183 339 2270 loquebantur
369 2186 527 2272 Apostoli,
554 2207 645 2250 nemo
674 2187 715 2250 ab
741 2186 791 2250 his
820 2186 965 2271 cognovit
989 2186 1163 2264 veritatem,
1188 2185 1285 2250 multo

132 2297 239 2352 autem
253 2289 371 2374 priusa
386 2289 524 2354 Domino
537 2315 546 2363 ;
572 2290 688 2354 etenim
712 2290 815 2374 ipsum
829 2290 875 2354 sic
896 2289 1035 2354 locutum
1050 2289 1169 2354 dicunt.
1217 2287 1285 2354 Neo

133 2389 167 2453 hi
185 2411 259 2477 ergo
278 2391 336 2477 ipsi
356 2391 521 2455 veritatem
539 2391 654 2469 sciunt,
677 2392 733 2456 sed
754 2391 910 2456 sententia
931 2414 1038 2457 eorum
1060 2392 1099 2456 de
1122 2390 1192 2454 Deo
1213 2411 1286 2454 cum

133 2502 217 2556 asset
232 2492 314 2572 talia,
330 2502 517 2578 exceperant
532 2495 716 2571 doctrinam,
732 2493 990 2580 quemadmodum
1009 2494 1116 2557 audire
1131 2500 1286 2577 poterant.

135 2597 312 2661 Secundum
333 2597 416 2662 hunc
440 2597 536 2684 igitur
556 2618 731 2662 sermonem
745 2598 828 2683 apud
844 2597 999 2660 neminem
1014 2596 1073 2659 erit
1086 2595 1194 2681 regula
1206 2594 1287 2659 veri-

132 2700 220 2777 tatis,
237 2700 291 2764 sed
307 2723 415 2765 omnes
429 2701 572 2787 discipuli
589 2701 733 2766 omnibus
748 2701 955 2786 imputabunt,
972 2699 1117 2784 quoniam
1139 2698 1286 2783 quemad-

132 2802 260 2866 modum
276 2804 486 2888 unusquisque
501 2803 668 2879 sentiebat,
684 2811 716 2866 et
732 2802 991 2887 quemadmodum
1010 2801 1163 2886 capiebat,
1185 2801 1231 2866 sic
1253 2808 1286 2865 et

132 2927 235 2970 sermo
249 2905 289 2969 ad
306 2928 377 2970 eum
392 2907 493 2969 factus
509 2913 566 2969 est.
612 2905 793 2991 Superfiuus
814 2915 919 2969 autem
941 2913 974 2969 et
997 2903 1114 2968 inutilis
1134 2905 1286 2968 adventus

134 3008 264 3073 Domini
281 3010 411 3093 parebit,
427 3009 453 3072 si
471 3009 595 3094 quidem
610 3009 695 3073 venit
710 3010 915 3095 permissurus
929 3017 962 3073 et
982 3017 1159 3073 servaturus
1179 3009 1286 3073 unius·

133 3112 284 3197 cujusque
299 3111 373 3175 olim
385 3110 512 3175 insitam
527 3112 566 3175 de
582 3111 653 3175 Deo
668 3112 856 3197 opinionem,
902 3111 1017 3176 Adhuc
1032 3111 1127 3175 etiam
1142 3121 1173 3175 et
1189 3111 1287 3175 multo

133 3213 241 3277 durius
264 3222 340 3292 erat,
361 3236 453 3299 quem
474 3213 629 3278 hominem
653 3213 793 3277 viderant
815 3213 931 3290 Jndcei,
952 3223 985 3278 et
1007 3215 1090 3278 cruci
1113 3213 1286 3291 affixerant,

132 3317 313 3380 annuntiari
339 3317 423 3380 hunc
446 3337 515 3380 esse
543 3314 704 3379 Christum
730 3314 846 3378 Filium
871 3314 944 3392 Dei,
967 3324 1120 3379 aeternnm
1149 3315 1288 3400 ipsorum

134 3417 266 3504 Regem.
313 3417 385 3482 Non
408 3418 504 3504 igitur
523 3419 590 3503 jam
610 3417 782 3481 secundum
800 3417 963 3501 pristinam
983 3439 1091 3481 eorum
1109 3417 1288 3502 opinionem

133 3520 339 3606 loquebantur
353 3520 392 3583 ad
408 3541 469 3584 ecs
516 3518 577 3601 Qui
600 3519 737 3583 enimin
764 3518 876 3583 faciem
900 3519 1113 3585 interfectores
1137 3542 1192 3584 eos
1217 3541 1287 3586 esso

134 3621 264 3686 Domini
279 3622 433 3698 dicebant,
450 3621 548 3686 multo
565 3621 666 3707 magis
681 3622 867 3686 fiducialiter
881 3644 952 3686 eum
968 3622 1107 3698 Patrem,
1123 3623 1176 3709 qui
1192 3645 1286 3708 snper

133 3725 342 3812 Demiurgum
367 3733 424 3803 est,
447 3734 479 3788 et
498 3724 575 3811 ⁶ipsi
597 3725 829 3803 annuntiarent,
854 3734 887 3791 et
910 3748 973 3791 non
999 3728 1031 3791 id
1052 3728 1134 3812 quod
1158 3729 1288 3813 putabat

132 3828 364 3914 unusquisque3
387 3836 420 3892 et
431 3827 529 3891 multo
545 3827 648 3892 minus
663 3837 730 3892 erat
744 3836 916 3913 peccatum,
933 3829 1085 3914 siqnidem
1100 3828 1289 3914 superiorem

134 3930 339 4008 Salvatorem‚
366 3930 407 3994 ad
432 3952 525 4015 quem
550 3931 719 3995 ascendere
747 3954 802 3996 eos
830 3941 996 4017 oporteret,
1027 3931 1174 4017 quoniam
1203 3938 1287 3996 esset

183 4125 402 4188 ¹apprslrendistir
415 4133 435 4175 et
449 4124 606 4187 interfecistis.
641 4125 685 4175 Gr.
738 4127 780 4175 tho
804 4126 966 4174 substitution
992 4125 1020 4173 of
1044 4124 1072 4172 in
1094 4140 1120 4173 eo
1144 4124 1242 4173 instead
1264 4125 1294 4174 of

132 4204 316 4271 διεχειρίὰασθε,
352 4211 396 4259 the
422 4209 497 4258 latter
525 4209 585 4257 verb
613 4209 688 4273 being
737 4208 792 4269 ejus
817 4208 935 4255 indicates
958 4208 983 4255 in
1006 4207 1049 4256 tbc
1072 4206 1154 4256 Greek
1176 4207 1242 4265 ἡμεῖς
1267 4208 1292 4255 lr

132 4289 213 4338 added
230 4290 443 4355 supplementally.
738 4291 810 4350 αὐτῷ,
830 4289 927 4337 instead
943 4290 972 4337 of
986 4289 1051 4348 ἡμεῖς
1068 4290 1140 4347 ἐσμὲν
1157 4291 1237 4337 αὐτοῦ.

183 4369 297 4433 'plorato
317 4388 373 4422 roo.
413 4373 535 4434 [nmmos
553 4386 601 4434 pro
624 4372 689 4433 δεξιᾷ
787 4371 841 4419 ⁴r'n
863 4371 940 4420 domo.
982 4371 1023 4421 Gr.
1048 4371 1102 4419 κατ’
1125 4371 1194 4419 oleon.
1235 4369 1291 4435 Syr.

128 4469 259 4517 perperam
270 4454 326 4517 lepis
337 4456 400 4515 δόξῃ.
435 4454 484 4502 Gn.
1140 4433 1293 4524 ‚lm

178 4538 365 4588 ⁸⁴1⁷beCnssRu.
379 4537 437 4586 MS.
450 4537 524 4585 omits
535 4550 625 4594 sumne,
639 4534 689 4583 and
787 4531 798 4562 ⁶
815 4531 872 4594 ipsi,
886 4531 936 4581 GR.
951 4532 1015 4580 from
1027 4533 1070 4581 the
1081 4532 1161 4580 Voss.
1174 4532 1208 4581 ol.
1221 4530 1290 4594 ipris.
