3000 4994
476 336 581 390 arun
609 337 720 390 naum
747 337 921 390 rossum.
1208 324 1275 388 333

120 496 226 554 rantes
247 488 393 553 virtutem
416 495 449 553 et
472 486 708 573 promissionem
736 487 808 564 Dei,
834 489 1049 554 contradicant
1077 511 1143 555 suae
1169 489 1273 567 saluti,
1315 513 1408 600 cipp.

120 591 309 677 impossibiie
338 590 553 656 existimantes
585 613 677 677 posse
707 592 813 657 Deum
845 592 1048 657 suscitantem
1083 615 1212 679 corpora
1240 594 1272 657 in
1297 607 1419 695 ffisvpp

120 696 342 781 sempiternum
357 694 636 780 perseverationem
656 694 702 760 eis
722 695 847 774 donare,
869 717 932 761 non
951 704 1056 764 tamen
1074 696 1273 764 incredulitas
1288 700 1431 788 2¹—

119 796 230 863 talium
244 796 406 862 evacuabit
420 797 511 862 fidem
528 797 599 862 Dei.

601 1015 702 1082 ΟΑΡ.
726 1015 788 1079 Vl.

119 1154 310 1252 Ioteprum
328 1167 359 1228 et
378 1154 583 1252 perfeetum
605 1153 795 1244 nominem,
821 1181 972 1255 corpere
989 1169 1021 1230 et
1039 1153 1169 1231 anima
1190 1182 1270 1232 cou-

193 1284 346 1347 steeteov
373 1284 406 1345 et
435 1271 672 1368 conjunctum,
702 1273 843 1347 salvum
859 1273 979 1371 faciet
1009 1271 1122 1365 Deua,
1158 1299 1270 1372 quum

193 1415 276 1463 eum
316 1389 473 1463 Verbum
501 1389 721 1482 ocensem,
754 1403 787 1464 et
816 1389 924 1466 donis
956 1388 1123 1489 Spiritus
1151 1389 1271 1465 εατιοιὶ

194 1505 388 1597 ornaverit,
414 1505 516 1603 cujus
542 1531 700 1605 corpere
727 1520 852 1581 eostre
880 1507 1017 1606 temple
1043 1519 1126 1581 aunt
1153 1520 1186 1580 et
1213 1507 1270 1582 ei.

189 1636 327 1698 cuntur.
1263 1648 1266 1656 ·

119 1774 148 1838 1.
174 1773 470 1837 Gaoarrrcnarrua
487 1781 593 1839 autem
614 1773 702 1838 Deus
717 1772 750 1837 in
767 1795 825 1838 suo
841 1772 1003 1860 plasmate,
1022 1773 1179 1839 conforme
1194 1772 1268 1838 illud
1282 1792 1386 1879 m}
1397 1793 1419 1878 pb

117 1885 151 1940 et
174 1880 451 1962 1consequenssuo
467 1899 561 1962 puero
576 1876 739 1963 adaptans.
784 1876 848 1941 Per
862 1899 973 1941 manus
988 1877 1070 1941 euim
1086 1876 1221 1955 2Ριιιοίε,
1237 1877 1270 1942 id

117 1988 176 2058 eat,
205 2001 261 2064 per
287 1977 404 2043 Filium
430 1985 464 2044 et
490 1979 642 2066 Spiritum
663 1981 700 2045 fit
721 1980 816 2045 homo
844 1982 1015 2046 secundum
1035 1979 1271 2047 similitudinem

117 2081 190 2160 Dei,
219 2080 276 2147 sed
304 2102 367 2145 non
395 2103 468 2166 pars
496 2081 642 2149 hominis.
697 2082 817 2147 Anima
845 2091 950 2148 autem
981 2091 1013 2148 et
1042 2082 1171 2168 spiritus
1197 2106 1269 2169 pars

117 2184 252 2250 hominis
267 2205 336 2249 ease
358 2191 497 2267 possunt,
515 2183 609 2249 homo
629 2191 735 2250 autem
755 2206 964 2271 nequaquam:
988 2187 1143 2271 perfectus
1164 2196 1270 2253 autem

116 2287 210 2354 homo
232 2286 412 2353 commixtio
427 2296 460 2353 et
479 2288 619 2354 adunitio
639 2298 688 2353 est
706 2289 818 2354 animae
837 2289 1025 2354 assumentis
1046 2289 1190 2375 spiritum
1208 2290 1268 2356 Pa·

116 2392 182 2468 tris,
199 2398 231 2456 et
245 2390 386 2455 admixta
400 2392 449 2456 ³ei
469 2393 564 2470 carni,
581 2414 650 2479 quae
665 2400 714 2457 est
729 2393 882 2478 plasmata
895 2394 1066 2457 secundum
1081 2392 1269 2480 ⁴imaginem

115 2492 189 2557 Dei.
234 2492 368 2579 Propter
382 2494 465 2580 quod
480 2502 512 2559 et
528 2494 701 2579 Apostolus
716 2493 778 2558 ait:
804 2494 997 2578 Sapientiam
1017 2493 1169 2580 loquimur
1187 2495 1269 2570 ieter
1282 2511 1347 2553 lcor.
1357 2511 1406 2552 nc

107 2592 276 2678 perfectum·
304 2592 458 2676 periectos
478 2593 585 2658 dicens
604 2615 658 2658 eoa
679 2593 732 2678 qui
754 2601 958 2678 percepemnt
978 2592 1127 2678 Spiritum
1149 2592 1220 2671 Dei,
1236 2602 1269 2659 et

114 2693 277 2760 ⁶omnibus
291 2694 405 2782 linguis
427 2695 597 2782 loquuntur
615 2719 671 2784 per
693 2695 844 2782 Spiritum
863 2694 935 2774 Dei,
954 2695 1215 2780 quemadmodum
1235 2705 1267 2762 et

163 2908 335 2972 ¹ccnccquena.
364 2907 584 2972 Gnmssuggesu
594 2925 666 2971 προσ·
715 2910 765 2970 ’γὰρ
782 2907 838 2966 ἡμῖν
852 2908 977 2970 καὶμέχρι
993 2907 1033 2956 νῦν
1050 2910 1267 2973 προφητικὰχαρί·

116 2993 181 3051 ἧκον,
201 2992 248 3039 but
263 2990 308 3039 the
320 2989 457 3039 translator
470 2989 543 3038 could
559 2989 667 3054 scarcely
716 2989 798 3048 σμοτά
811 2991 883 3039 ἐστιν.
913 2988 1074 3051 Ibid3o88.
1101 2988 1195 3050 0f.315
1208 3002 1268 3039 u.-

115 3074 179 3122 have
200 3072 275 3121 sailed
300 3075 327 3119 ιο
351 3071 441 3120 render
465 3071 516 3120 this
537 3071 606 3120 word
633 3072 667 3136 by
715 3072 821 3134 unum,
846 3073 920 3131 ὁμὲν
941 3073 990 3134 γὰρ
1012 3073 1132 3134 λαμβάνει
1154 3073 1269 3123 συνέσεως

115 3156 258 3204 conterrent.
296 3154 426 3202 ἀκόλουθον
439 3153 460 3201 is
473 3169 541 3202 moro
558 3153 665 3203 natural.
716 3156 824 3214 πνεῦμα.
835 3192 841 3204 .
851 3191 857 3203 .
867 3155 1014 3204 delicietur.
1034 3153 1125 3211 leodi
1134 3168 1172 3219 39,
1183 3156 1266 3216 ο58Δ.

114 3237 167 3286 An.
179 3235 315 3298 evaseruut
715 3235 801 3284 -und
811 3235 849 3284 tlte
859 3235 974 3284 merciam
982 3234 1012 3298 os
1019 3235 1065 3285 evil
1072 3235 1164 3298 spirita,
1175 3237 1215 3285 καὶ
1224 3238 1269 3296 τὴν

163 3317 175 3349 ¹
191 3320 307 3368 Another
318 3321 383 3369 clear
392 3320 515 3368 reference
523 3323 550 3366 ιο
560 3318 604 3367 tha
612 3318 667 3367 doc·
716 3315 760 3362 τοῦ
771 3314 884 3372 ὀνόματος
895 3315 966 3375 ἰσχὺν
973 3315 1013 3362 καὶ
1023 3315 1056 3364 τὰ
1062 3314 1171 3373 δαιμόνια
1177 3316 1267 3376 τρέμει,

115 3401 179 3449 trine
191 3401 221 3449 os
228 3402 271 3450 the
285 3400 463 3450 Rvet-Blemed
474 3400 578 3464 Trinity.
614 3400 667 3449 'l'he
716 3396 1266 3458 καὶσήμερονέξορκιζύμενα....ὑποτάσσεται

118 3481 168 3529 Son
191 3483 242 3530 and
261 3482 340 3546 Spirit
357 3498 399 3530 are
416 3483 442 3530 in
461 3481 504 3530 the
517 3496 589 3529 same
611 3496 667 3545 way
717 3478 784 3528 leid.
803 3491 841 3539 30,
857 3489 903 3539 247
920 3490 942 3527 ο.
987 3477 1026 3526 Cf.
1051 3476 1103 3526 also
1121 3478 1159 3538 76,
1179 3493 1223 3540 30²
1241 3493 1265 3529 Α.

114 3564 249 3626 styledthe
265 3564 347 3612 lande
363 3565 447 3613 citha
463 3563 564 3622 Father,
579 3562 665 3622 above,
717 3561 853 3622 85,31113.
897 3560 990 3623 Aguin,
1010 3561 1053 3608 the
1069 3576 1136 3609 same
1152 3560 1215 3610 facta
1226 3578 1268 3610 are

113 3663 155 3710 pp.
171 3661 225 3708 213,
241 3660 264 3707 5,
278 3647 328 3695 and
340 3647 414 3710 again
425 3651 453 3694 at
463 3662 488 3709 p.
501 3657 558 3706 445,
572 3645 603 3694 G.
716 3641 835 3705 appealed
851 3648 878 3690 to
889 3657 916 3690 aa
927 3646 1015 3704 patent
1028 3648 1055 3690 to
1068 3643 1225 3691 observation
1240 3648 1268 3691 at

163 3724 174 3756 ³
197 3727 292 3775 Garun
310 3727 332 3774 is
349 3742 438 3789 wrong
455 3727 481 3773 in
500 3725 608 3788 quoting
624 3725 667 3774 the
717 3722 812 3771 Rome:
830 3723 869 3770 rol
887 3724 912 3770 ἐν
928 3722 961 3784 τῇ
977 3723 1078 3784 ὑμετέρᾳ
1090 3725 1167 3783 πόλει,
1181 3725 1268 3772 πολλοὶ

114 3809 166 3857 Aa.
180 3824 207 3856 as
219 3808 313 3871 having
324 3807 352 3867 ei,
367 3808 388 3856 it
399 3808 420 3855 ia
431 3807 550 3869 wanting.
716 3805 764 3852 τῶν
775 3804 897 3865 ἡμετέρων
908 3805 1039 3865 ἀνθρώπων
1049 3806 1097 3852 τῶν
1108 3805 1265 3866 Χριστιανῶν,

163 3889 174 3920 ⁴
190 3889 323 3938 luamus
338 3889 375 3937 M.
395 3905 493 3953 quoque
508 3889 550 3937 lio.
566 3888 596 3936 de
613 3888 666 3937 Rea.
717 3885 879 3947 ἐπορκιζοντος
898 3888 962 3934 κατὰ
983 3887 1027 3934 τοῦ
1049 3886 1163 3944 ὀνόματος
1185 3886 1269 3945 Ἰησοῦ

117 3969 213 4032 (spicil.
232 3969 365 4020 Soec.11.1.
382 3969 445 4032 187),
465 3969 540 4018 dicit:
558 3970 602 4028 τὴν
619 3967 668 4016 ἀπὸ
717 3967 834 4029 Χριστοῦ,
853 3968 897 4015 τοῦ
914 3968 1092 4029 σταυρωθέντα
1110 3969 1150 4016 ἔτι
1166 3969 1269 4017 Ποντίου

116 4053 178 4100 Θεοῦ
194 4052 273 4114 σάρκα
285 4053 437 4100 πλασθεΐσιιν
452 4050 504 4099 κατ’
520 4050 598 4099 εἰκόνα
615 4051 667 4099 ἔον·
718 4048 834 4107 Πιλάτου,
851 4048 896 4097 ὑπὸ
912 4050 959 4096 τῶν
971 4051 1052 4098 ἄλλων
1065 4050 1162 4098 πάντων
1177 4050 1216 4098 καὶ
1228 4052 1269 4098 ἐπ·

116 4135 166 4182 τοῦ.
418 4183 421 4189 ,
718 4132 799 4191 perde
812 4131 852 4178 καὶ
870 4133 1045 4192 papperwrde
1057 4133 1091 4191 μὴ
1106 4133 1216 4182 ludicras
1235 4133 1269 4180 ld·

165 4213 176 4245 ⁶
192 4215 210 4263 J
213 4226 291 4262 usum
308 4214 346 4263 M.
362 4215 471 4263 declares
483 4212 602 4277 similarly
612 4213 669 4262 that
718 4229 800 4271 σαντο,
811 4213 894 4260 solive
902 4213 1038 4272 vividaria,
1049 4214 1270 4275 καταργοῦντεςκιιὶ

116 4297 266 4345 miraeulous
277 4312 372 4359 powers
383 4312 447 4344 were
462 4301 507 4343 not
519 4300 563 4358 yet
574 4294 669 4342 extinct
719 4295 869 4342 ἐκδιώκοντες
886 4295 941 4342 τοῦτ
956 4295 1102 4355 κατέχοντας
1115 4297 1170 4344 τοῦτ
1184 4296 1271 4357 όνθριῦ-

116 4379 142 4426 in
154 4379 192 4427 hia
204 4379 272 4438 time,
287 4380 335 4426 τῶν
347 4379 451 4426 ἀπὸτοῦ
465 4378 579 4435 ὀνόματος
596 4377 670 4424 αἰτοῦ
719 4391 777 4422 σονς
797 4375 914 4431 δαίμονος.
950 4373 1023 4435 Apol.
1047 4386 1077 4424 11.
1098 4372 1122 4426 6.
1159 4376 1198 4426 cf.
1219 4376 1271 4425 also

117 4461 157 4507 καὶ
168 4460 207 4507 νῦν
218 4461 365 4520 γιγνομένων
376 4460 503 4517 δυνάμεων.
527 4455 619 4513 Diali
628 4467 666 4518 35,
718 4455 848 4504 Traron.
866 4453 939 4516 Apol.
956 4467 995 4515 23,
1016 4454 1114 4504 Eossa,
1133 4457 1168 4506 Η.
1184 4457 1212 4506 Ε.
1228 4469 1268 4506 111.

117 4553 205 4601 ομ,
220 4541 270 4590 and
286 4542 317 4589 he
334 4542 445 4604 specifica
457 4539 584 4603 proplecp,
604 4539 671 4599 ταρὰ
719 4537 813 4586 xxxvii.
829 4549 853 4585 v.
866 4537 925 4585 xvii.

221 4649 339 4693 vonrr.
1127 4625 1175 4686 ‘tl
