3000 4994
257 350 324 414 418
538 394 542 403 ·
569 357 707 411 RERUM
733 353 1096 409 INSTAURANDARUM

116 535 213 621 ,libb
258 511 358 576 millia
371 510 577 589 brachiorum,
593 519 626 576 et
640 511 674 574 in
689 530 751 575 uno
766 530 839 575 vero
856 508 984 595 palmite
1003 507 1084 573 dena
1101 505 1198 571 millia
1212 504 1422 592 flagellorum,
1435 529 1498 569 αιιι

94 627 244 714 Gppssjpl·
259 623 292 681 et
315 615 348 678 in
373 634 560 700 unoquoque
585 613 709 700 flagello
733 613 814 677 dena
834 612 931 677 millia
948 613 1105 687 botruum,
1121 617 1154 674 et
1175 609 1209 672 in
1230 629 1423 694 unoquoque

116 721 191 761 ¹¹¹¹¹l
203 704 229 761 ³5
260 717 351 781 botro
369 715 450 779 dena
470 714 568 778 millia
588 715 759 791 acinorum,
775 723 808 780 et
828 713 1069 799 unumquodque
1091 711 1215 776 acinum
1235 732 1422 797 expressum

260 819 347 884 dabit
374 818 638 905 ¹vigintiquinque
660 828 810 883 metretas
835 818 908 884 vini.
953 817 999 882 Et
1020 838 1091 881 eum
1115 836 1223 880 eorum
1244 815 1420 900 apprehen·

260 921 341 986 derit
353 920 465 1007 aliquis
475 929 655 985 sanctorum
667 921 803 998 botrum,
812 919 893 985 alius
904 919 1069 986 clamabit:
1094 919 1226 982 ‘Botrus
1237 940 1298 1004 ego
1310 917 1422 982 melior

261 1046 342 1103 sum,
359 1046 410 1089 me
431 1045 530 1102 sume,
546 1046 603 1111 per
617 1046 668 1089 me
684 1024 856 1089 Dominum
877 1022 1029 1089 benedic?
1073 1021 1225 1088 Similiter
1237 1032 1272 1087 et
1285 1043 1422 1107 granum

261 1127 358 1191 tritici
393 1127 500 1191 decem
533 1126 630 1191 millia
654 1127 811 1212 spicarum
848 1135 1079 1214 generaturum,
1106 1134 1139 1190 et
1167 1145 1421 1210 unamquamque

261 1229 381 1314 spicam
393 1229 569 1293 habituram
580 1229 687 1294 decem
698 1229 794 1294 millia
804 1251 982 1316 granorum,
992 1236 1025 1292 et
1035 1228 1277 1314 unumquodque
1286 1248 1422 1312 granum

261 1332 399 1419 quinque
413 1331 541 1397 bilibres
554 1331 683 1396 ²similae
697 1332 789 1397 clarae
804 1332 946 1396 mundae:
971 1339 1004 1395 et
1018 1330 1137 1415 reliqua
1150 1338 1257 1395 autem
1271 1350 1377 1416 poma,
1388 1336 1422 1393 et

263 1435 393 1513 semina,
409 1443 442 1499 et
456 1435 585 1499 herbam
600 1435 772 1500 seeundum
787 1434 1024 1522 coagmentiam
1039 1434 1078 1499 iis
1101 1440 1365 1516 consequentem:
1389 1439 1423 1496 et

261 1538 369 1602 omnia
383 1537 529 1603 animalia
550 1538 589 1604 iis
608 1538 686 1604 cibis
707 1538 829 1603 utentia
848 1560 918 1625 quae
934 1560 953 1602 a
968 1546 1050 1602 terre
1070 1536 1274 1621 accipiuntur,
1289 1536 1423 1621 pacifica

261 1650 295 1706 et
319 1650 530 1707 consentanea
551 1641 683 1708 invicem
699 1642 776 1717 fieri,
792 1643 936 1731 subjecta
956 1641 1134 1707 hominibus
1152 1662 1224 1705 cum
1247 1639 1334 1704 omni
1348 1641 1424 1705 sub-

96 1754 216 1795 Ἠιειιιιιιιι
258 1745 398 1830 jectione
405 1745 454 1811 'J'

96 1804 183 1841 armen.

96 1955 240 1997 sunam
338 1961 372 2027 4.
425 1939 546 2011 Ταῦτα
576 1937 610 2010 di
635 1939 688 2010 roi
711 1939 850 2017 Παπιάς
863 1937 1014 2011 Ἰωάννου
1034 1938 1094 2024 μὲν
1113 1940 1284 2024 ἀκουστὴς,
1305 1938 1424 2012 Πολυ-

261 2046 392 2148 κάρτου
411 2048 446 2121 di
467 2054 599 2150 ἑταῖρος
618 2052 771 2144 γεγονὼς,
792 2053 931 2150 ἇρχαῖος
960 2053 1048 2150 ἀνὴρ,
1072 2050 1256 2152 ἐγγράφως
1279 2054 1423 2152 ἐπιμαρ-

261 2171 356 2261 τυρεῖ
388 2165 421 2233 ἕν
445 2166 488 2256 τῇ
520 2161 670 2262 τετάρτῃ
695 2170 761 2236 τῶν
794 2167 896 2238 αὐτοῦ
922 2165 1083 2253 βιβλίων·
1127 2167 1202 2239 ἔστι
1232 2162 1300 2265 γὰρ
1331 2168 1421 2257 αὖτῷ

261 2277 365 2347 πέντε
394 2277 524 2364 βιβλία
557 2279 820 2368 συντεταγμένα.

97 2003 172 2044 ιιι-Ὅ.

327 2475 359 2538 4.
405 2472 488 2538 Haec
502 2481 609 2538 autem
623 2482 656 2540 et
671 2475 788 2561 Papias
802 2474 827 2539 J
829 2474 962 2540 ohannis
980 2475 1114 2553 auditor,
1130 2474 1296 2560 Polycarpi
1312 2483 1420 2541 sutem

261 2576 502 2654 contubernalis,
515 2585 605 2641 vetus
616 2577 719 2656 homo,
730 2598 785 2663 per
794 2577 982 2662 scripturam
995 2577 1207 2644 testimonium
1219 2578 1374 2664 perhibet,
1387 2579 1421 2642 in

264 2689 375 2764 quarto
389 2680 537 2746 libromm
551 2704 699 2746 suorum:
723 2692 799 2748 sunt
819 2684 904 2748 enim
919 2683 963 2747 illi
979 2683 1117 2770 quinque
1134 2683 1205 2747 libri
1220 2685 1419 2771 ³conscripti.

266 2781 310 2846 Et
325 2783 450 2868 adjecit,
466 2783 591 2848 dicens:
613 2793 634 2822 “
647 2784 729 2849 Haec
744 2793 849 2850 autem
866 2786 1025 2851 eredibilia
1038 2796 1113 2851 sunt
1127 2786 1335 2854 credentibus.
1375 2788 1421 2854 Et

262 2883 285 2948 J
288 2884 381 2961 uda,''
393 2885 507 2971 inquit,
519 2886 704 2971 “proditore
719 2908 782 2952 non
793 2889 949 2967 credente,
959 2899 992 2953 et
1004 2890 1233 2976 interrogante:
1256 2891 1421 2972 Quomodo

263 3008 339 3072 ergo
361 2985 439 3051 tales
461 2988 614 3074 geniturae
636 2990 808 3056 aDomino
829 2993 1029 3079 perficientur
1038 2994 1068 3058 l''
1095 2994 1211 3058 dixisse
1227 2993 1419 3060 Dominum:

263 3087 455 3153 “Videbunt
479 3091 531 3174 qui
548 3093 671 3157 venient
690 3093 723 3156 in
741 3093 823 3160 illa.''
858 3095 940 3160 Haec
963 3118 1039 3182 ergo
1064 3105 1205 3183 tempora
1230 3098 1423 3183 prophetans

96 3202 247 3242 mut-a
263 3188 378 3252 Esaias
392 3191 452 3254 ait:
473 3191 517 3254 Et
534 3204 740 3278 compescetur
761 3196 852 3281 lupos
868 3220 936 3262 com
952 3220 1039 3284 apso,
1056 3209 1084 3264 ct
1095 3198 1220 3285 pordes
1238 3202 1423 3286 conquiescet

263 3311 331 3353 com
353 3289 449 3369 todo,
475 3301 504 3356 et
528 3293 642 3358 vitulus
667 3305 695 3359 ct
718 3305 829 3362 ίαννιιι
854 3309 883 3363 et
909 3299 953 3364 leo
977 3300 1071 3364 ιιῗιιιιιί
1085 3310 1261 3386 pascentur,
1287 3312 1315 3366 et
1338 3325 1424 3388 puer

256 3391 394 3477 pusillos
407 3392 496 3458 decet
511 3416 566 3459 cos.
601 3395 645 3460 Ec
660 3395 707 3461 bos
718 3407 746 3462 et
757 3421 846 3464 ursas
859 3402 953 3466 simol
957 3412 1135 3487 pascentur,
1146 3411 1174 3466 et
1183 3403 1279 3466 simcd
1287 3404 1424 3487 diasostes

261 3516 363 3559 eorum
386 3506 491 3561 erunt:
515 3505 544 3560 et
558 3498 602 3562 lco
621 3503 668 3564 ⁴et
686 3499 733 3565 bos
751 3503 980 3569 omtidncobent
989 3505 1111 3590 paleas.
1156 3506 1201 3570 Et
1218 3528 1301 3591 puer
1314 3508 1424 3591 iescae

261 3598 296 3662 ιἰι
310 3619 474 3663 cavernam
487 3601 644 3686 aspidum,
660 3612 688 3667 et
702 3605 737 3667 in
751 3603 849 3670 cadilo
858 3607 1002 3688 filiorum
1015 3608 1158 3692 aspidum
1172 3630 1297 3674 ιιιαιιιιιιι
1312 3611 1421 3690 mittet,

312 3801 321 3832 ¹
342 3803 464 3867 Compare
476 3805 518 3853 the
530 3821 648 3856 converse
664 3813 780 3857 sentence
791 3808 820 3857 ol'
865 3812 961 3872 κρινοῢι,
978 3812 1058 3861 where
1074 3813 1117 3862 the
1133 3817 1197 3862 term
1214 3814 1317 3876 σίλιγνιι
1335 3832 1422 3867 means

261 3883 498 3947 unproduotiveness
508 3887 534 3934 in
546 3887 580 3935 Is.
589 3903 613 3936 v.
630 3903 666 3948 10,
681 3890 762 3938 where
773 3895 816 3939 ten
861 3908 926 3955 pore
932 3893 1007 3954 ficar,
1018 3910 1045 3943 as
1056 3895 1239 3959 distinguished
1250 3896 1315 3945 from
1328 3901 1422 3961 χονδρῖ·

261 3979 330 4012 sores
349 3965 378 4013 ol
392 3966 512 4030 viueyard
529 3969 618 4017 should
636 3970 702 4034 yield
719 3971 777 4035 only
801 3988 817 4020 a
865 3991 908 4033 rc,
922 3990 1002 4023 coerce
1013 3976 1081 4035 mccl,
1097 3977 1147 4025 and
1158 3994 1186 4025 ss
1197 3978 1259 4026 such
1269 3979 1354 4043 might
1365 3981 1422 4031 well

262 4042 318 4091 last
329 4060 442 4094 measure
457 4046 486 4094 ol
499 4048 576 4107 wine;
594 4049 643 4097 and
660 4051 703 4099 the
719 4051 776 4100 seed
791 4051 820 4100 of
865 4055 896 4104 be
906 4057 1023 4105 rendered
1036 4058 1070 4121 by
1080 4057 1164 4106 sintita
1175 4059 1278 4109 mando.
1301 4060 1334 4109 So
1346 4061 1421 4111 Lu·

262 4140 294 4172 an
312 4124 395 4175 homer
411 4127 501 4176 should
520 4129 577 4193 give
599 4130 660 4195 only
675 4148 691 4180 a
707 4133 771 4182 tiths
788 4133 818 4181 ol
864 4140 1063 4188 Pa1n1usinAn.
1073 4139 1134 4190 Sav.
1146 4150 1231 4202 37,42,
1243 4141 1422 4206 distinguishes

261 4205 294 4254 its
306 4206 375 4266 bulk,
391 4223 419 4255 or
432 4224 464 4256 an
476 4208 563 4271 cpbob,
578 4211 604 4259 in
616 4217 711 4262 return.
861 4218 938 4280 pontt
954 4221 1068 4280 mundas,
1083 4221 1147 4270 from
1163 4222 1208 4270 the
1221 4223 1299 4284 penis
1314 4239 1420 4288 mma,

310 4284 421 4335 'simile
431 4288 504 4338 cloroe
512 4292 624 4342 munde:
635 4293 705 4341 there
716 4295 816 4345 isroom
864 4301 945 4349 which
957 4318 1007 4350 was
1019 4303 1091 4351 mode
1102 4304 1167 4352 from
1178 4305 1345 4366 aecoadfiosr.

260 4365 814 4440 forboththeseqaalil‘yingtermsinthstext,
914 4381 925 4414 ³
941 4383 1048 4448 aning
1061 4384 1100 4434 lor
1116 4386 1182 4435 their
1197 4386 1254 4435 title
1270 4389 1320 4436 τῶν
1330 4391 1423 4453 λογίων

260 4447 356 4511 though
367 4451 473 4514 perhaps
480 4453 541 4517 they
550 4454 613 4503 have
622 4455 682 4505 been
690 4462 816 4523 menapos·
864 4468 980 4528 κυριαιῶν
991 4468 1141 4528 ἐξήγησις...
1170 4469 1233 4518 Eun
1247 4481 1286 4519 111.
1301 4485 1341 4536 39.

261 4526 291 4574 ed
298 4546 305 4587 i
318 4529 361 4576 the
369 4529 452 4581 Greek
459 4533 552 4599 having
559 4536 620 4585 been
629 4539 753 4600 σιλίγνιως
761 4542 816 4590 eibi·
914 4542 926 4574 ⁴
941 4543 960 4594 f.
971 4544 987 4593 l.
1001 4552 1027 4593 st
1038 4545 1077 4595 boe
1088 4546 1253 4598 manducabit.
