3000 4994
263 338 330 403 234
674 348 751 403 anx
777 350 1007 418 autumnum,

121 526 175 568 ΜΕ
186 528 226 569 1v·
263 512 356 592 Abel,
372 519 405 578 et
418 512 574 598 descripta
586 533 607 576 a
625 511 794 598 prophetis,
810 512 947 597 perfecta
964 511 1084 577 veroin
1102 509 1278 576 novissimis
1296 517 1416 597 tempo·

99 576 244 708 θέξῖῗξῑ·
262 618 348 683 ribus
363 617 395 680 in
412 615 495 680 Filio
510 614 583 681 Dei.
623 615 796 700 Oportebat
812 615 894 715 enim
910 615 1052 702 quaedam
1071 615 1196 699 quidem
1216 614 1416 701 praenuntiari

98 716 246 803 ‚2⁷2³-
262 718 461 806 paternaliter
474 740 494 783 a
509 718 657 805 patribus,
678 718 820 803 quaedam
835 726 941 782 autem
956 718 1144 804 praefigurari
1159 718 1299 804 legaliter
1312 738 1332 781 a
1347 738 1416 803 pro-

261 822 374 908 phetis,
397 821 539 905 quaedam
562 842 634 884 vero
657 819 838 883 ¹desormari
860 819 1030 884 secundum
1048 819 1265 883 fonrrationem
1288 818 1414 896 christi,

261 929 302 991 ab
317 926 365 991 his
384 925 437 1011 qui
449 923 646 1010 adoptionem
661 929 876 1009 perceperunt:
894 923 999 987 omnia
1012 945 1084 987 vero
1102 923 1135 986 in
1149 945 1211 987 uno
1227 923 1296 987 Deo
1311 931 1415 987 osten-

261 1029 388 1094 duntur.
423 1028 502 1093 (lum
518 1026 599 1091 enim
617 1046 698 1089 unus
718 1031 801 1090 esset
815 1025 988 1102 Abraham,
1009 1025 1042 1089 in
1056 1025 1224 1110 semetipso
1238 1025 1415 1111 praefigura-

262 1132 318 1196 bat
332 1134 393 1196 duo
413 1139 612 1207 testamenta,
633 1128 794 1215 inquibus
807 1127 860 1191 alii
880 1128 1005 1214 quidem
1026 1128 1255 1192 seminaverunt
1274 1126 1327 1191 alii
1342 1146 1415 1190 vero

97 1263 222 1308 scuram.
262 1234 356 1298 messi
376 1242 469 1298 aunt:
492 1232 537 1296 Ia
557 1232 611 1295 loo
632 1232 721 1308 enim,
744 1229 853 1315 inquit,
873 1253 968 1295 semaa
989 1241 1030 1295 est
1049 1253 1147 1307 ceras,
1170 1231 1313 1316 quoniam
1334 1228 1416 1293 alter

263 1337 384 1422 quidam
399 1345 440 1401 est
453 1335 507 1421 qai
520 1335 649 1399 caninat
662 1333 803 1418 populus,
820 1333 900 1397 altar
917 1334 972 1420 qai
985 1343 1090 1397 taetot:
1109 1356 1189 1398 unus
1203 1340 1309 1397 autem
1327 1332 1415 1397 Deua

99 1460 152 1501 na
162 1463 191 1502 ιι.
201 1463 231 1509 ιο
263 1450 416 1524 ρυνοεῐυυε
429 1440 568 1525 utrisque
583 1460 653 1522 quae
665 1444 739 1501 sunt
752 1444 837 1522 apta,
852 1458 959 1502 semen
974 1437 1098 1523 quidem
1109 1436 1286 1514 seminanti,
1302 1458 1415 1522 panem

97 1510 229 1593 flamm
262 1565 335 1609 vero
349 1543 390 1607 ad
410 1542 563 1606 edendum
584 1539 726 1605 metenti.
764 1539 1032 1620 Quemadmodum
1051 1539 1130 1604 alter
1148 1539 1273 1624 quidem
1292 1545 1341 1602 θεῖ
1361 1538 1415 1624 qui

99 1601 228 1647 mm
261 1644 393 1733 plantat,
415 1652 448 1709 et
471 1644 551 1708 alter
573 1642 625 1728 qui
647 1641 793 1727 adaquat,
814 1663 895 1706 unus
912 1651 1018 1707 autem
1040 1643 1093 1728 qui
1115 1643 1170 1707 dat
1190 1642 1415 1707 incrementum

262 1748 362 1813 Deus.
403 1745 692 1811 Diaseminaverunt
717 1744 800 1808 enim
821 1766 996 1809 sermonem
1016 1746 1056 1810 de
1079 1744 1203 1810 (lhristo
1230 1745 1414 1831 patriarobae

262 1857 295 1915 et
314 1848 489 1936 prophetae3
517 1846 659 1911 demessa
677 1854 847 1912 astantem
866 1847 1019 1926 Ecclesia,
1039 1847 1097 1913 hoc
1117 1855 1176 1925 est,
1192 1848 1327 1912 fructum
1347 1869 1415 1932 per.

262 1951 355 2038 cepit.
403 1952 538 2036 Propter
562 1950 622 2015 hoc
651 1955 684 2014 et
712 1949 772 2035 ipsi
798 1957 889 2014 orant
912 1950 1027 2015 habere
1049 1950 1282 2016 tabernaculum
1306 1951 1338 2015 in
1365 1974 1413 2030 ea,

97 2075 205 2117 raas
263 2054 425 2119 Hieremia
443 2054 584 2119 dicente:
611 2053 686 2133 Quis
700 2052 785 2118 datu
804 2053 880 2117 mili
899 2054 934 2117 ia
949 2054 1062 2119 deserto
1081 2053 1296 2118 latitationem
1316 2055 1413 2119 οοοὶυ-

98 2176 147 2217 roa.
157 2177 224 2217 rasa
260 2159 385 2221 simam:
408 2157 455 2222 uti
470 2164 503 2221 et
517 2157 569 2243 qui
583 2156 718 2221 seminat
732 2164 765 2221 et
780 2156 833 2243 qui
848 2157 939 2221 metit
959 2157 1051 2222 simul
1069 2157 1226 2245 gaudeant
1244 2157 1277 2220 in
1295 2157 1413 2222 Christi

260 2281 367 2347 regno,
388 2259 441 2347 qui
459 2260 603 2324 omnibus
623 2259 723 2336 adest,
742 2259 781 2323 de
800 2259 912 2344 quibus
929 2261 971 2325 ab
990 2260 1079 2326 initio
1098 2261 1176 2325 bene
1196 2259 1293 2324 sensit
1314 2259 1413 2339 Deus,

259 2363 435 2428 attribuens
448 2363 558 2428 adesse
573 2363 618 2427 eia
634 2361 777 2427 Verbum
790 2383 893 2427 suum.
931 2363 965 2427 si
980 2362 1049 2447 quis
1066 2363 1162 2450 igitur
1176 2363 1314 2427 intentus
1329 2362 1413 2449 legat

261 2464 448 2551 Scripturas,
464 2464 601 2530 inveniet
619 2464 652 2528 in
673 2464 784 2531 iisdem
804 2463 843 2529 de
864 2463 989 2530 Christo
1006 2486 1192 2544 sermonem,
1209 2473 1243 2530 et
1257 2487 1345 2530 novae
1360 2487 1413 2531 vo·

259 2569 392 2635 cationis
402 2568 697 2656 praefigurationem.

737 2767 841 2834 OAP.
864 2767 943 2834 XL.

262 2900 364 2993 Quid
392 2916 441 2978 est
471 2903 660 2978 thesauram
690 2901 990 2978 absconditam
1016 2929 1115 3001 apro,
1149 2917 1181 2979 et
1211 2903 1308 3004 qood
1336 2905 1414 2980 solo

516 3018 686 3094 Ecclesia
702 3032 796 3095 recte
813 3020 908 3120 lopat
924 3019 1152 3120 Scripturas

95 3180 208 3267 ffiffi
215 3229 246 3275 u,
341 3193 371 3241 1.
410 3171 638 3243 ΧΡΙΣΤΟΣ
658 3174 787 3247 ἐστινὸ
809 3175 971 3275 θησαυρὸς
988 3179 1007 3248 ὁ
1024 3179 1236 3277 κεκρυμμένος
1254 3180 1287 3251 ἕν
1306 3181 1412 3279 ἇγρῷ,

92 3274 246 3406 ffiffip
259 3284 441 3356 ‘romabo-1²
457 3336 694 3356 .........
719 3286 843 3387 (ἀγρὸς
874 3286 943 3387 γὰρ
974 3291 993 3360 ὁ
1025 3290 1166 3390 κόσμος)
1200 3295 1413 3390 κεκρυμμένος

260 3393 295 3466 dd
315 3448 470 3465 ......
491 3395 545 3469 ὅτι
583 3395 635 3469 διὰ
666 3401 778 3470 τύπων
807 3399 862 3471 καὶ
894 3403 1103 3500 παραβολῶν
1134 3404 1338 3488 ἐσημαίνετο,
1367 3406 1413 3488 μὴ

260 3505 436 3592 δυναμένων
475 3513 649 3592 νοηθῆνυυ3
670 3564 844 3582 .......
865 3512 933 3612 πρὸ
969 3520 1033 3586 τοῦ
1067 3515 1127 3597 τὴν
1170 3516 1309 3604 ἔκβασιν
1347 3523 1413 3589 τῶν

92 3695 244 3737 matut
325 3686 355 3747 l.
397 3680 466 3744 Hro
485 3689 535 3746 est
552 3682 636 3747 enim
655 3683 821 3748 thesaurus
840 3684 1011 3750 absconsus
1031 3685 1063 3750 iu
1079 3708 1165 3773 agro,
1181 3687 1287 3764 idest,
1303 3688 1335 3751 in
1350 3687 1412 3753 isto

93 3798 243 3841 mnata
257 3782 392 3848 mundo:
418 3785 520 3869 (Aper
541 3785 625 3849 enim
646 3785 778 3850 mandas
801 3789 868 3868 cat)
894 3788 1066 3853 absconsus
1086 3810 1159 3853 vero
1185 3789 1218 3853 in
1244 3789 1413 3874 scripturis

255 3886 437 3953 ⁴thesaurus
450 3887 604 3966 Christus,
616 3889 761 3975 quoniam
775 3913 831 3975 per
841 3899 933 3978 typos
948 3901 980 3956 et
995 3893 1157 3977 parabolas
1168 3893 1411 3980 significabatur,

255 3989 356 4054 ⁶undo
379 3997 503 4073 poterat
522 3989 582 4056 hoo
606 3993 689 4077 quod
712 3994 883 4058 seeundum
905 3995 1062 4060 hominem
1081 4005 1130 4061 est
1152 3996 1293 4084 intelligi,
1313 3998 1412 4084 priua·

304 4125 408 4191 10f.p.
424 4139 515 4191 aa9‚5.
860 4132 954 4182 Garun
965 4133 1040 4183 altars
1052 4135 1095 4183 tho
1106 4134 1301 4184 firstCateuato
1312 4136 1413 4184 suitthe

303 4207 383 4257 ¹'l'he
400 4208 496 4258 catena
512 4208 541 4258 of
555 4209 716 4271 cornamm,
737 4213 808 4262 attri-
859 4215 1411 4277 aenae;Massoauleavesablankmabovs.

253 4288 330 4337 buted
352 4294 380 4338 to
403 4291 531 4352 Nloms,
554 4292 599 4342 has
622 4295 734 4343 τουτέστι
756 4296 809 4344 τοῖς
908 4294 988 4347 ⁸1nt.
1002 4296 1097 4346 τὸκατ’
1111 4300 1243 4361 ἄνθρωπον.

254 4372 367 4430 γραφαῖς,
387 4373 440 4420 ταῖς
452 4373 476 4420 ἐν
487 4374 522 4432 τῷ
538 4374 618 4434 κόσμῳ
633 4376 728 4433 obtutu
750 4376 808 4424 that
907 4376 919 4407 ⁴
935 4379 986 4426 Aa.
1000 4378 1076 4426 omits
1087 4378 1214 4428 thesaurus
1226 4378 1345 4431 utitatis.

253 4450 283 4497 of
290 4451 397 4510 Possm,
408 4454 526 4515 θησαυρὸν
536 4458 693 4517 κεκρυμμένον
704 4458 729 4505 ἐν
740 4450 809 4519 ἀγρῷ
905 4457 916 4488 ³
930 4457 1005 4506 Unda
1039 4459 1093 4507 The
1104 4459 1304 4509 translatorread
1314 4462 1349 4521 μὴ
1361 4463 1410 4511 ἑδὺ·

254 4537 315 4589 φησι
324 4533 368 4580 τὰς
376 4534 401 4580 ἐν
409 4534 531 4594 rainberto
539 4536 693 4598 ὑπαρχούσας
699 4539 803 4599 γραφάς.
856 4556 957 4600 νοτο...;
969 4539 1055 4588 Mass.
1069 4540 1158 4589 inserts
1169 4557 1225 4590 aon.
