3000 4994
286 320 352 388 170
491 335 573 388 TAM
599 335 641 387 IN
667 335 765 388 LEGE
791 333 901 397 QUAM
927 333 968 384 IN
994 330 1217 386 EVANGELIO

143 510 247 596 msspv
283 509 379 552 unam
392 493 529 574 gentem,
543 487 647 553 sedin
667 494 769 553 tutum
787 487 936 552 mundum
952 485 1063 550 diffusa
1082 493 1141 550 est.
1178 483 1272 548 Unus
1286 487 1392 545 sutem
1406 485 1439 546 et
1458 490 1490 532 Ε

122 603 271 690 ‹ffippt
285 590 367 655 idem
380 589 545 668 Dominus,
558 589 611 675 qui
623 590 691 676 plus
703 613 797 677 qusm
808 589 957 676 templum
972 598 1030 667 est,
1042 597 1076 654 ct
1090 588 1159 674 plus
1173 607 1266 672 quem
1280 583 1438 661 Salomon,

123 695 270 783 ..Q
285 699 319 755 et
332 691 401 778 plus
415 712 508 776 quum
523 690 547 753 J
548 713 625 756 ones
645 692 742 757 donst
755 691 943 771 hominibus,
959 691 993 755 id
1011 699 1071 770 est,
1086 713 1175 755 sunm
1190 686 1388 775 praesentium
1405 693 1441 751 et

125 814 270 862 nasute.
286 793 542 860 resurrectionem
562 815 584 858 a
604 793 753 859 mortuis:
776 793 834 859 sed
854 814 919 857 non
940 793 1044 858 Deum
1067 792 1245 867 immutans,
1265 812 1323 855 neo
1343 787 1441 853 ulium

123 861 154 900 θ’
287 896 459 983 praedicsns
483 895 622 978 Patrem,
645 896 702 962 sed
723 896 856 960 eundem
878 894 989 982 ipsum,
1014 894 1067 981 qui
1092 916 1215 979 semper
1237 893 1332 958 habet
1353 890 1442 977 plura

288 999 406 1064 ¹metiri
430 998 619 1079 domesticis,
640 1007 674 1065 et
697 1000 877 1086 proficiente
902 1021 1009 1064 eorum
1036 1020 1111 1087 erga
1134 998 1239 1063 Deum
1264 995 1439 1072 dilectione,

287 1104 376 1189 plurs
404 1110 438 1168 et
465 1102 584 1188 msjors
609 1102 739 1183 donans,
769 1103 1027 1190 quemadmodum
1051 1111 1084 1168 et
1107 1101 1262 1167 Dominus
1283 1097 1442 1185 discipulis

125 1215 238 1258 ³0¹²·2w·
287 1206 429 1270 dicebat:
456 1203 604 1284 Qoomicm
630 1212 659 1269 ct
684 1205 803 1291 majora
831 1205 938 1271 iorum
963 1204 1112 1271 videtitis.
1160 1204 1204 1270 Et
1232 1202 1351 1268 Paulus
1376 1202 1440 1266 sit:

124 1331 257 1372 rsuuin.
286 1308 377 1372 'Non
390 1307 471 1394 quod
482 1308 554 1392 jam
568 1309 746 1394 occeperim,
766 1319 822 1374 ααί
841 1309 921 1396 quod
932 1309 1119 1393 yitstifloatus
1131 1310 1198 1387 sint,
1215 1317 1271 1374 ααί
1284 1308 1355 1393 jusu
1367 1328 1442 1391 pcr-

27 1474 37 1481 ,,
124 1376 381 1495 &dimissam
396 1411 472 1475 sim:
496 1432 532 1474 cc
546 1418 643 1494 purte
665 1412 745 1474 mim
762 1411 881 1490 mimm,
900 1420 929 1476 ct
947 1434 984 1476 cc
1000 1420 1094 1496 parto
1106 1410 1331 1498 psnpiotamm.
1367 1409 1444 1473 Occu

287 1525 388 1579 ααίαα
407 1514 521 1579 soced
540 1514 621 1601 quod
631 1515 804 1600 perfectum
822 1524 874 1594 ost,
895 1538 963 1602 qum
981 1523 1050 1579 sont
1067 1537 1103 1579 cc
1117 1523 1221 1600 porte,
1241 1513 1444 1577 destruentur.

289 1618 378 1684 Sicut
393 1617 489 1705 igitur
504 1616 687 1684 adveniente
704 1619 851 1704 perfectu,
870 1641 934 1684 non
953 1617 1100 1683 ”alterum
1119 1618 1247 1682 Patrem
1261 1615 1444 1695 videbimus,

287 1721 344 1787 ssd
367 1720 450 1787 hunc
478 1742 570 1805 quem
596 1742 679 1786 nunc
704 1721 809 1787 videre
836 1721 1056 1808 concupimus:
1094 1721 1188 1786 Booti
1213 1720 1295 1784 mim
1321 1718 1445 1784 ‘mundi

288 1823 387 1902 corde,
413 1823 556 1909 quonium
577 1824 639 1910 ipsi
660 1827 763 1890 Deum
784 1823 942 1899 cinisium
980 1845 1080 1909 neque
1107 1823 1204 1889 ulium
1231 1822 1389 1887 Christum
1411 1829 1445 1886 et

289 1924 352 1990 Dei
368 1924 486 1989 Filium
497 1925 757 2011 exspectabimus,
770 1927 828 1994 sed
840 1927 923 1991 hunc
939 1927 992 2013 qui
1006 1949 1046 1992 ex
1061 1925 1332 2012 Msris⁶Virgine‚
1344 1923 1397 2013 qui
1411 1931 1445 1988 et

288 2048 400 2113 possus
415 2035 474 2106 est,
493 2027 527 2092 in
546 2050 639 2114 quem
658 2038 691 2094 et
706 2029 870 2109 credimus,
884 2052 978 2117 quem
994 2039 1028 2095 et
1042 2029 1216 2117 diligimus3
1244 2020 1446 2114 quemadmo-

126 2151 239 2195 mxxv.
247 2155 266 2194 e
289 2131 363 2196 dum
376 2130 489 2196 Esaias
500 2130 565 2196 uit:
589 2131 634 2196 Et
647 2132 747 2197 dicem
760 2133 795 2197 in
808 2133 866 2198 iilo
881 2133 951 2197 dic:
974 2133 1063 2212 Ecce,
1076 2133 1226 2197 Dominus
1239 2131 1324 2195 Deus
1337 2139 1445 2210 noster,

289 2233 324 2298 iu
345 2255 432 2320 quom
452 2234 649 2320 speravimus,
671 2244 699 2300 αί
720 2235 922 2301 multavimus
938 2236 973 2300 in
993 2236 1089 2301 εαίαία
1109 2244 1224 2300 costra.
1261 2233 1307 2298 Et
1328 2233 1445 2299 Petrus

126 2357 242 2399 reneio
288 2336 387 2401 sitin
409 2336 541 2422 epistola
562 2359 638 2402 sus:
667 2338 759 2418 Quom
780 2360 839 2405 non
859 2339 992 2404 sidentes
1013 2339 1151 2424 diripitis,
1175 2337 1285 2423 inquit,
1306 2337 1341 2400 iu
1359 2359 1446 2422 qoem

290 2463 370 2506 conc
383 2463 442 2505 oon
453 2441 585 2507 ridentes
595 2442 791 2522 “credidistis
800 2442 970 2529 pendebitis
980 2445 1094 2530 quodie
1103 2441 1326 2515 inenarrabiti;
1346 2462 1446 2526 neque
1460 2465 1485 2504 o.

290 2542 385 2608 alium
408 2543 560 2630 Spiritum
579 2553 723 2610 sunctum
742 2546 939 2631 percipimus,
960 2546 1021 2612 nisi
1035 2547 1119 2613 huuc
1137 2545 1189 2632 qui
1205 2554 1254 2610 est
1271 2544 1445 2623 nobiscum,

128 2674 278 2715 sommum
291 2646 391 2732 etqui
405 2646 530 2726 clamat,
546 2647 645 2728 Αόὂα,
661 2649 784 2722 Putem,-
807 2657 841 2714 et
856 2649 888 2712 in
906 2649 1018 2714 iisdem
1039 2649 1116 2736 ipsis
1133 2657 1338 2737 augmentum
1351 2649 1446 2714 habe·

127 2776 192 2816 1001.
201 2776 278 2816 xhtls.
291 2748 404 2828 bimus,
420 2758 454 2814 et
467 2751 688 2836 'proficiemus
704 2760 740 2816 ut
749 2753 816 2836 jam
827 2774 889 2817 non
901 2775 956 2838 per
970 2753 1138 2838 speculum,
1154 2761 1187 2817 et
1199 2774 1254 2838 per
1268 2753 1447 2840 aenigmata,

291 2851 347 2916 sed
362 2851 442 2916 faeie
456 2853 496 2915 sd
511 2852 623 2917 faciem
637 2853 776 2917 fruamur
790 2854 969 2920 muneribus
984 2856 1064 2919 Dei:
1081 2853 1127 2919 sic
1142 2863 1175 2919 et
1189 2876 1270 2919 nunc
1284 2854 1354 2940 plus
1368 2862 1447 2920 tem-

127 2967 252 3009 or.1.so.u
291 2951 353 3038 plo,
375 2961 409 3017 et
430 2953 500 3039 plus
519 2953 685 3020 Salomone
702 2956 918 3042 percipientes,
937 2957 1021 3042 quod
1042 2966 1092 3023 est
1110 2959 1262 3023 adventus
1282 2957 1356 3021 Filii
1373 2957 1446 3037 Dei,

291 3074 355 3116 non
378 3054 511 3119 alterum
535 3055 700 3122 didicimus
727 3057 840 3140 Deum,
866 3067 980 3146 praeter
1002 3060 1219 3126 fabricatorem
1240 3068 1273 3125 et
1298 3061 1449 3125 sectorem

291 3157 440 3235 omnium,
463 3158 515 3243 qui
539 3160 579 3223 ab
608 3159 698 3225 initio
728 3161 817 3227 nobis
840 3162 1072 3228 demonstratus
1094 3170 1163 3237 est3
1194 3185 1294 3249 neque
1316 3163 1449 3227 alterum

293 3257 453 3323 Christum
468 3261 530 3325 Dei
543 3259 670 3342 Filium,
683 3271 796 3349 praeter
809 3287 881 3330 eum
896 3266 948 3350 qui
963 3287 983 3329 a
994 3265 1154 3351 prophetis
1165 3265 1350 3350 praedicatus
1363 3273 1423 3330 est.

357 3364 388 3426 2.
419 3362 508 3429 Novo
519 3365 602 3429 enim
615 3366 816 3432 Testamento
829 3367 955 3454 cognito
966 3375 999 3431 et
1010 3366 1195 3452 ⁸praediost0
1206 3389 1262 3451 per
1271 3367 1449 3451 prophetas,

292 3472 325 3529 et
336 3463 388 3530 ille
402 3465 455 3551 qui
471 3465 546 3531 iilud
561 3466 767 3555 dispositurus
781 3478 849 3535 eret
862 3470 1034 3535 seeundum
1047 3467 1196 3555 placitum
1211 3467 1318 3532 Patris
1338 3471 1451 3553 praedi-

336 3627 347 3660 ¹
365 3630 561 3693 ἀπομετρεῖαθαι,
574 3632 592 3682 f.
605 3633 621 3682 l.
635 3635 816 3698 ἀπαμείρεσθαι.
945 3633 957 3666 ³
978 3633 1081 3683 altem
1130 3671 1136 3682 .
1144 3632 1193 3694 sed,
1231 3633 1306 3682 ἄλλον
1314 3670 1320 3683 .
1328 3669 1334 3682 .
1342 3669 1362 3683 ..
1375 3637 1448 3696 πλήν,

333 3707 429 3759 ’These
436 3711 515 3760 words
524 3713 553 3760 of
557 3714 678 3778 scripture
684 3731 726 3764 are
732 3716 847 3781 supplied
896 3716 983 3777 below,
1002 3716 1105 3764 alterum
1118 3723 1213 3781 pnrtcr.

293 3791 328 3856 hy
339 3808 450 3858 memory
461 3794 526 3843 from
537 3795 602 3845 Phil.
617 3797 651 3844 iii
664 3811 700 3858 ια,
717 3813 728 3845 1
742 3798 798 3848 Cor.
811 3799 844 3848 iv.
946 3797 957 3829 ⁴
975 3797 1085 3858 Cursu,
1098 3797 1129 3846 sl.
1142 3797 1241 3847 mondo.

292 3891 316 3934 4,
329 3874 380 3922 and
389 3875 441 3924 xiii.
455 3889 478 3940 9,
496 3890 531 3925 ιο.
565 3876 619 3925 The
630 3879 720 3927 second
737 3879 847 3928 isineor·
946 3879 957 3911 ὕ
973 3880 1026 3929 The
1042 3880 1092 3929 Au.
1108 3880 1158 3928 and
1174 3880 1273 3931 Cusus.
1293 3880 1369 3930 MSS.
1388 3883 1451 3930 omit

292 3956 396 4020 persted
407 3957 470 4006 with
484 3958 527 4006 the
541 3959 675 4023 preceding
691 3961 717 4009 in
728 3977 744 4008 s
754 3961 848 4010 similer
903 3961 1008 4025 Vimine,
1022 3963 1103 4011 which
1114 3978 1165 4012 was
1176 3964 1231 4013 first
1244 3963 1353 4012 inserted
1369 3964 1396 4011 in
1407 3965 1451 4013 the

292 4040 441 4101 way,inthc
450 4042 550 4091 ancient
558 4042 631 4091 Italic
639 4043 744 4103 version,
754 4044 846 4092 known
897 4049 953 4095 text
969 4046 1003 4109 by
1021 4045 1191 4096 Fruuntur.
1227 4046 1308 4097 Voss.
1321 4047 1367 4095 hus
1377 4047 1405 4095 it.

293 4134 320 4167 ne
332 4121 374 4167 the
390 4120 413 4168 S.
428 4121 546 4171 Germsin
557 4139 635 4187 copy;
652 4123 702 4171 aud
713 4140 740 4173 ss
751 4123 846 4172 Gneus
946 4125 958 4158 ⁶
981 4127 1125 4177 credidistis.
1165 4129 1218 4178 The
1238 4129 1317 4177 words
1335 4128 1453 4178 eredentes

293 4216 359 4265 says,
376 4203 438 4252 IIoeo
449 4204 604 4269 Interpodcm
618 4206 654 4255 cel
665 4208 848 4257 consumseri-
898 4215 985 4268 ααίαα,
1007 4209 1115 4258 inserted
1134 4210 1197 4258 from
1218 4211 1262 4259 the
1279 4210 1398 4273 Vulgare,
1424 4228 1449 4274 p.

288 4277 350 4327 dom
366 4295 394 4328 a
407 4281 498 4331 Italico
515 4283 621 4333 verrium
642 4285 756 4349 adjecisse
775 4293 843 4349 pmo,
898 4306 954 4353 409,
969 4292 1012 4352 G„
1025 4308 1066 4341 sre
1077 4293 1181 4341 omitted
1192 4294 1219 4340 in
1230 4294 1272 4342 the
1285 4292 1377 4357 Syriae.

294 4358 336 4406 cui
350 4359 393 4409 hoc
412 4362 650 4426 interpretamentum
667 4383 719 4416 αι
736 4367 845 4418 Corinth.
946 4371 958 4404 ⁷
975 4372 1136 4435 proficiemus,
1158 4375 1352 4437 προχωρήσομεν.
1398 4374 1453 4424 The

294 4439 328 4488 iv.
339 4457 362 4500 4,
371 4442 442 4490 citato
452 4445 501 4494 loco
512 4447 629 4496 insertum
634 4449 721 4512 scisse,
734 4466 762 4500 αα
771 4450 846 4500 Hila-
898 4455 942 4504 On
954 4455 1000 4503 hos
1010 4454 1054 4503 the
1065 4470 1142 4504 worse
1152 4455 1263 4520 reading,
1273 4455 1432 4519 pentciemuc.

293 4519 329 4568 rii
342 4521 469 4575 Oommmt.
481 4527 583 4593 aliisque
593 4537 690 4582 condat.
946 4535 957 4568 θ
974 4534 1018 4584 Gn.
1034 4534 1216 4597 predicatione.
