3000 4994
259 341 325 419 160
434 345 436 350 ’
560 372 615 424 nx
641 373 812 426 orrruuus
836 367 1102 429 rasuruorvrurr

95 519 248 622 gfflffi
260 522 438 611 incognitus
463 532 511 590 est
533 523 628 602 enim,
656 534 689 591 et
715 549 778 591 non
804 527 968 593 invenietis
989 550 1078 593 eum:
1099 515 1361 614 'quemadmodum
1378 531 1418 596 'et

109 626 235 713 wlff-N·
262 627 423 694 Christum
438 629 617 695 ¹AEonibus
630 651 738 696 eorum
757 630 874 696 dixisse
888 631 1081 697 mentiuntur
1099 632 1133 696 hi
1148 633 1200 718 qui
1221 640 1295 697 sunt
1308 654 1329 697 a
1350 633 1416 696 Ve-

96 797 233 884 idffb‘lm
259 806 435 902 Ἐδίδοξεν
464 811 545 894 ἡμᾶς
576 811 595 880 ὁ
626 809 758 908 Κύριον,
794 810 848 881 ὅτι
881 806 967 879 Θεὸν
996 806 1110 878 εἶδέναι
1145 805 1245 884 οὐδεὶς
1272 806 1415 890 δύναται,

96 899 160 931 m
259 921 304 1006 μὴ
334 922 408 1018 οὗχὶ
445 921 534 993 Θεοῦ
569 918 770 1022 δοξάζοντος
800 916 840 1026 [ἰ.
870 915 1094 1024 dedignor-oo}
1126 921 1312 1003 τουτέστιν,
1343 918 1416 990 ἄνευ

261 1033 349 1103 Θεοῦ
375 1034 420 1118 μὴ
459 1035 678 1126 γινώσκεσθαι
713 1031 775 1105 τόν
811 1033 906 1105 Θεόν·
945 1031 1027 1104 αὐτὸ
1057 1030 1092 1102 δὲ
1116 1030 1159 1104 τὸ
1194 1034 1413 1125 γινώσκεσθαι

260 1144 322 1217 τὸν
339 1143 433 1229 Θεὸν,
458 1147 584 1230 θέλημα
610 1145 688 1217 εἶναι
718 1150 781 1217 τοῦ
808 1147 947 1244 πατρός.
993 1145 1183 1216 Γνώσονται
1211 1142 1279 1243 γὰρ
1306 1142 1414 1226 cuir-dv,

262 1256 308 1333 olo
335 1255 374 1328 du
400 1259 608 1355 ἀποκαλύψῃ
635 1261 653 1329 ὁ
680 1259 754 1334 οἰός.

260 1435 399 1502 lentinof
444 1438 507 1502 Sed
524 1439 583 1503 hoc
599 1438 724 1523 quidem
739 1459 852 1503 vanum
869 1444 928 1503 est.
973 1435 1110 1502 Edoouit
1123 1443 1230 1501 autem
1251 1435 1416 1514 Dominus,

261 1540 408 1626 quoniam
424 1540 527 1606 Deum
542 1540 621 1605 scire
636 1561 727 1605 nemo
742 1546 855 1625 potest,
874 1539 934 1604 nisi
953 1540 1023 1604 Deo
1038 1539 1178 1617 docente,
1197 1538 1257 1603 hoc
1274 1547 1332 1616 est,
1349 1538 1417 1604 sine

262 1642 332 1707 Deo
346 1664 410 1707 non
424 1642 571 1729 cognosci
586 1641 705 1706 Deum:
729 1643 789 1707 boc
804 1643 905 1727 ipsum
924 1649 1031 1707 autem
1050 1641 1196 1728 cognosci
1213 1662 1295 1718 eum,
1311 1640 1417 1705 volun-

260 1752 360 1810 tatem
377 1765 446 1808 esse
462 1743 578 1809 Patris.
622 1743 841 1830 ²(lognoscunt
856 1742 939 1808 enim
957 1765 1029 1807 eum
1049 1743 1281 1828 quibuscunque
1301 1742 1417 1807 revela-

261 1847 340 1913 verit
356 1846 466 1912 Filius.
513 1846 558 1911 Et
577 1847 695 1913 adhoc
717 1847 833 1911 Filium
850 1845 996 1912 revelavit
1013 1846 1118 1924 Pater,
1134 1854 1170 1911 ut
1189 1868 1244 1932 per
1258 1866 1330 1910 eum
1349 1867 1415 1909 om-

260 1950 352 2015 nibus
371 1949 596 2028 manifestetur,
619 1958 652 2014 et
669 1971 723 2015 eos
743 1950 867 2036 quidem
888 1949 941 2034 qui
958 1949 1088 2014 credunt
1108 1948 1138 2015 ei
1155 1949 1244 2034 justi,
1262 1949 1294 2012 in
1315 1948 1415 2014 incor-

260 2055 414 2140 ruptelam
424 2062 457 2120 et
468 2054 500 2118 in
511 2061 663 2119 aeternum
675 2053 868 2140 refrigerium
878 2053 1024 2137 recipiat;
1042 2053 1295 2117 ³credereautem
1310 2052 1350 2130 ei,
1366 2060 1415 2117 est

240 2159 361 2224 fucere
384 2158 452 2243 ejus
475 2156 684 2233 voluntatem3
708 2176 762 2221 eos
783 2163 889 2221 autem
910 2154 964 2240 qui
987 2177 1051 2220 non
1073 2156 1212 2234 eredunt,
1236 2162 1268 2221 et
1289 2163 1416 2241 propter

260 2261 320 2325 hoo
335 2258 458 2347 fugiunt
472 2258 577 2324 lumen
591 2259 668 2344 ejus,
688 2258 721 2321 in
734 2259 880 2323 tenebras
900 2278 978 2343 quas
995 2257 1055 2342 ipsi
1074 2257 1134 2322 sibi
1153 2257 1312 2344 elegerunt
1330 2260 1415 2344 juste

260 2362 409 2428 recludet.
453 2362 608 2426 Omnibus
631 2361 727 2448 igitur
750 2360 896 2426 revelavit
917 2382 951 2425 se
976 2362 1082 2439 Pater,
1106 2360 1249 2425 omnibus
1274 2359 1416 2425 Verbum

260 2488 351 2530 suum
376 2464 496 2531 visibile
521 2464 656 2530 faciens:
689 2471 722 2528 et
750 2485 857 2528 rursus
888 2463 1030 2528 Verbum
1059 2463 1203 2530 omnibus
1231 2464 1415 2529 ostendebat

260 2569 391 2636 Patrem
412 2574 445 2634 et
468 2567 596 2645 Filium,
619 2588 692 2632 oum
712 2567 753 2631 ab
775 2565 918 2632 omnibus
936 2565 1100 2630 videretur.
1140 2564 1185 2630 Et
1206 2565 1275 2630 ideo
1293 2566 1416 2650 justum

255 2672 409 2761 judicium
432 2671 493 2736 Dei
516 2693 610 2757 super
633 2691 741 2735 omnes
760 2668 834 2754 ⁴qui
859 2668 1001 2734 similiter
1026 2668 1151 2754 quidem
1174 2667 1325 2748 viderunt,
1351 2691 1415 2735 non

258 2783 365 2842 autem
378 2774 521 2840 similiter
535 2773 740 2839 crediderunt.

324 2882 356 2942 4.
383 2877 528 2942 ⁵Etenim
537 2898 593 2962 per
604 2876 704 2960 ipsam
715 2875 924 2941 conditionem
938 2877 1054 2942 revelat
1070 2875 1210 2942 Verbum
1224 2875 1416 2941 conditorem

259 2981 375 3059 Deum,
398 2988 432 3044 et
460 3001 516 3065 per
542 2979 692 3042 mundum
721 2977 938 3043 fabricatorem
962 2979 1071 3043 mundi
1094 2979 1275 3059 Dominum,
1305 2986 1338 3045 et
1360 3002 1416 3064 per

259 3082 380 3172 plasma
394 3105 465 3148 eum
481 3082 534 3169 qui
549 3081 748 3167 plasmaverit
767 3079 930 3162 artificem,
946 3090 978 3148 et
997 3105 1052 3167 per
1068 3083 1185 3147 Filium
1199 3106 1271 3149 eran
1287 3085 1416 3149 Patrem

259 3184 312 3273 qni
342 3184 535 3270 generaverit
558 3183 693 3248 Filium:
725 3191 758 3248 et
778 3183 847 3249 haec
869 3206 977 3250 omnes
998 3185 1140 3251 similiter
1161 3175 1287 3271 quidem
1307 3186 1415 3252 ⁶collo-

259 3296 405 3375 quuntur,
429 3308 492 3351 non
512 3293 619 3351 antem
641 3285 784 3351 similiter
807 3287 948 3353 credunt.
993 3288 1055 3353 Sed
1077 3312 1132 3375 per
1151 3289 1270 3376 Legem
1292 3297 1325 3355 et
1344 3312 1415 3373 pro-

258 3391 370 3478 pbetas
384 3390 526 3456 similiter
541 3388 682 3455 Verbum
697 3389 945 3475 etsemetipsum
960 3398 993 3456 et
1014 3391 1144 3457 Patrem
1158 3392 1364 3477 praedicabat:
1382 3401 1415 3465 et

258 3493 377 3559 audivit
399 3492 524 3578 quidem
547 3492 708 3557 universus
729 3493 861 3578 populus
879 3494 1039 3570 similiter;
1064 3516 1128 3559 non
1145 3494 1287 3559 similiter
1309 3503 1414 3561 autem

258 3619 367 3665 omnes
385 3597 590 3663 crediderunt.
635 3596 680 3660 Et
701 3618 757 3682 per
779 3596 881 3681 ipsum
904 3595 1046 3662 Verbum
1067 3597 1232 3663 ⁷visibilem
1255 3606 1287 3663 et
1309 3599 1413 3683 palpa-

257 3700 352 3768 bilem
377 3701 505 3779 factum,
531 3699 629 3764 Pater
651 3698 883 3778 ostendebatur,
906 3699 1029 3765 etiamsi
1053 3722 1115 3765 non
1139 3722 1247 3766 omnes
1272 3701 1415 3767 similiter

259 3806 426 3872 credebant
449 3803 497 3879 ei;
520 3803 577 3869 sed
599 3824 707 3868 omnes
731 3803 872 3869 viderunt
896 3801 929 3866 in
958 3802 1041 3868 Filio
1067 3804 1215 3870 Patrem:
1246 3804 1414 3871 ⁸invisibile

307 4012 318 4043 ¹
336 4011 382 4060 See
392 4009 452 4059 Vol.
466 4022 484 4059 1.
502 4026 527 4074 p.
542 4023 581 4059 cr.
860 4009 968 4059 Neitber
978 4011 1000 4059 is
1011 4012 1031 4060 it
1042 4011 1121 4060 found
1132 4013 1158 4061 in
1170 4013 1213 4062 the
1227 4013 1326 4063 curru.
1340 4031 1411 4079 copy.

307 4092 397 4157 ’Leg.
411 4098 552 4154 coynorcect.
908 4090 988 4141 ⁸The
999 4093 1086 4142 render
1096 4110 1155 4160 may
1164 4111 1278 4160 compare
1288 4098 1331 4145 the
1342 4113 1413 4159 argu·

306 4173 462 4238 ²Similurly
484 4173 509 4223 S.
533 4174 683 4232 Aususmv,
707 4172 761 4223 Hor
779 4180 812 4222 εον
859 4176 930 4221 ment
951 4173 1016 4222 from
1038 4174 1148 4223 Natural
1170 4176 1298 4241 Tbeology
1319 4178 1345 4225 in
1370 4178 1413 4225 the

258 4271 312 4319 erqo
323 4256 416 4306 eredere
426 4255 456 4305 ιἰι
461 4255 550 4315 Deum,
560 4254 679 4304 eredendo
690 4254 812 4304 αάΙιαισιτ
858 4254 958 4304 editor's
969 4258 1038 4306 work
1049 4274 1116 4321 upon
1129 4259 1177 4307 l'be
1185 4259 1277 4320 Greeda,
1289 4261 1410 4323 89—122.

258 4337 293 4386 lul
305 4337 360 4386 bruc
370 4336 547 4400 cooperandum
558 4336 620 4386 bono
631 4336 743 4399 operanti
749 4336 809 4386 Deo.
907 4337 918 4370 ⁶
935 4339 1108 4403 coaequemur,
1123 4342 1241 4401 σύμφασι.

257 4418 305 4468 En.
318 4418 346 4466 in
358 4419 400 4467 Pr.
413 4419 499 4468 lxxvii.
513 4420 535 4468 8.
907 4418 918 4452 ⁷
934 4420 987 4469 The
999 4421 1105 4470 concord
1116 4421 1190 4484 being
1200 4421 1261 4470 with
1272 4420 1361 4482 Λόγον.

306 4497 318 4530 ⁴
334 4498 465 4547 Massunn
486 4501 545 4548 bere
567 4501 642 4550 omits
661 4515 698 4550 οοο
716 4515 749 4549 on
767 4502 810 4551 the
907 4501 1063 4563 ⁸u'noiribils,
1076 4503 1105 4551 τὸ
1116 4503 1217 4565 ἀόρατον
1233 4504 1282 4564 γὰρ
1297 4505 1340 4551 τοῦ
1354 4505 1412 4553 'flod

258 4581 323 4631 fnith
339 4581 368 4630 of
383 4581 426 4630 the
441 4582 549 4632 Anum
566 4582 616 4630 and
631 4582 712 4633 Voss.
731 4582 808 4634 MSS.
858 4585 955 4646 Πατὴρ,
967 4585 996 4633 τὸ
1007 4585 1034 4633 δὲ
1044 4584 1131 4645 ὁρατὸν
1140 4585 1184 4635 τοῦ
1195 4585 1291 4647 Πατρὸς
1302 4585 1364 4636 utos.
