3000 4994
232 335 297 400 190
662 348 739 399 nux
765 347 947 399 usuruuu

90 520 145 562 mn
156 521 194 561 lv
231 513 266 568 nt
279 525 344 569 ουος
354 503 526 575 οοοὶςίουὶς;
550 501 669 566 scilicet
680 499 1137 579 consecrat1,tnun1strautes
1149 520 1233 563 omni
1248 504 1389 583 ternpore

68 615 159 701 Ἧεζ
168 625 220 701 fp-
214 607 305 672 ·fidei
321 615 437 670 nostrae
456 613 489 670 et
508 612 742 690 perseverantes
763 603 802 682 ei,
823 613 855 668 et
874 603 1068 668 abstinentes
1082 604 1122 666 ab
1143 601 1227 667 omni
1247 600 1386 679 avaritia,

108 707 180 746 ”¹¹¹
233 732 297 775 non
320 710 516 794 acquirentes
538 729 595 773 nec
619 708 813 793 possidentes
835 707 1028 772 thesauros
1019 729 1052 770 ru
1071 716 1164 772 terra.
1204 705 1390 770 Manifesta·

69 817 168 858 “M
178 818 207 857 ¹⁹·
233 816 326 880 batur
339 822 444 879 autem
462 823 494 880 et
514 814 717 898 tauquamde
732 834 854 900 eaquae
870 814 1050 889 factasunt,
1069 810 1218 898 requietio
1239 811 1311 888 Dei,
1328 809 1389 875 hoc

233 927 293 997 est,
309 923 466 1005 ¹regnum,
482 918 591 1003 inquo
610 918 806 1004 requiescens
824 917 918 981 homo
932 916 983 981 ille
998 916 1050 1000 qui
1065 914 1305 1002 perseveraverit
1320 914 1391 980 Deo

233 1023 390 1098 assistere,
406 1021 605 1107 participabit
618 1021 658 1085 de
672 1042 781 1085 mensa
795 1020 867 1085 Dei.

300 1129 331 1190 2.
369 1125 414 1189 Et
428 1124 501 1209 quia
515 1145 577 1188 nou
592 1146 647 1210 per
657 1124 725 1188 haec
736 1123 967 1208 justificabatur
977 1123 1080 1200 homo,
1092 1124 1148 1188 sed
1163 1122 1195 1186 iu
1209 1122 1300 1209 signo
1315 1122 1391 1188 data

234 1237 308 1293 sunt
329 1227 450 1314 populo,
466 1227 614 1304 ostendit,
635 1227 717 1311 quod
736 1226 803 1312 ipse
823 1227 985 1291 Abraham
1005 1227 1073 1291 sine
1092 1226 1336 1303 circumcisione,
1358 1234 1392 1290 et

68 1341 113 1383 ἕω·
123 1341 183 1382 Μ
234 1330 302 1394 sine
317 1329 530 1394 observatione
542 1329 753 1405 sabbatorum,
769 1328 902 1393 credidit
911 1328 987 1407 Deo,
1002 1339 1031 1393 ot
1045 1337 1268 1415 reputaturum
1282 1327 1334 1392 illi
1347 1326 1395 1390 od

227 1433 396 1518 justitiam,
413 1441 440 1496 ct
455 1434 572 1497 αυιὶυυο
586 1432 649 1496 Dei
663 1441 783 1496 vocotus
793 1441 844 1497 est.
873 1431 936 1496 Sed
950 1442 982 1496 et
999 1431 1061 1496 Lot
1075 1431 1142 1496 sine
1157 1430 1392 1495 circumcisione

69 1553 213 1598 amaran
236 1537 367 1602 eductus
390 1542 440 1600 est
465 1536 504 1599 de
528 1534 680 1612 Sodomis,
704 1533 877 1651 percipiens
899 1533 1032 1598 salutem
1053 1556 1073 1598 a
1096 1534 1177 1599 Deo.
1216 1533 1297 1597 Item
1320 1532 1392 1597 Deo

68 1654 206 1743 ⁰0quss
236 1640 361 1726 placens
381 1638 451 1702 Noe
474 1659 546 1702 cnm
567 1646 650 1702 esset
671 1637 913 1716 incircumcisus,
937 1637 1057 1723 accepit
1083 1641 1261 1701 ²mensuras
1283 1635 1391 1699 mundi

68 1761 150 1846 pm.
159 1762 212 1801 aas
235 1743 380 1807 secundae
399 1738 618 1828 generationis.
656 1739 719 1804 Sed
740 1749 774 1803 et
794 1739 950 1804 Enoch
924 1761 992 1803 sine
1013 1739 1245 1804 circumcisione
1265 1737 1393 1824 placens

68 1809 190 1907 iesus
236 1845 306 1911 Deo
330 1867 401 1909 cum
420 1853 503 1908 esset
525 1843 630 1921 homo,
651 1843 732 1907 ⁸Dei
753 1842 910 1930 legatione
931 1844 971 1908 ad
995 1842 1122 1929 angelos
1142 1842 1338 1928 fungebatur,
1359 1849 1393 1904 et

234 1947 424 2012 ‘translatus
438 1955 497 2025 est,
512 1956 545 2011 et
560 1956 760 2012 conservatur
774 1968 872 2030 usque
888 1968 970 2012 nunc
984 1946 1075 2011 testis
1090 1946 1168 2033 justi
1182 1944 1292 2030 judicii
1308 1942 1391 2008 Dei.

234 2051 381 2136 quoniam
409 2050 511 2137 angeli
548 2049 690 2137 ⁵quidem
721 2051 907 2136 transgressi
938 2049 1118 2137 deciderunt
1148 2048 1181 2112 in
1214 2057 1329 2112 terram
1359 2047 1394 2110 iu

231 2153 401 2238 judicium
419 2153 513 2218 homo
527 2162 633 2217 autem
647 2152 783 2239 placens,
798 2152 969 2217 translatus
984 2161 1033 2217 est
1048 2151 1080 2214 in
1099 2151 1242 2216 salutem.
1282 2149 1344 2215 Sed
1359 2158 1394 2222 et

234 2256 352 2341 reliqua
366 2265 471 2320 autern
486 2255 602 2320 ⁶omnis
616 2255 782 2321 multitudo
802 2276 919 2331 eorum,
940 2255 992 2341 qui
1005 2263 1080 2319 aute
1093 2253 1253 2319 Abraham
1267 2253 1394 2318 suemnt

230 2356 322 2442 justi,
332 2365 364 2420 et
374 2378 481 2420 eorum
493 2356 748 2442 patriarcharum,
759 2356 811 2442 qni
824 2364 897 2421 ante
908 2356 1051 2441 Moysem
1062 2357 1196 2430 suerunt,
1209 2356 1254 2419 ⁷et
1264 2354 1331 2419 sine
1343 2353 1394 2418 his

233 2480 304 2546 qnae
318 2458 468 2544 praedicta
487 2467 570 2537 sunt,
592 2468 624 2525 et
639 2459 707 2525 siue
727 2459 797 2547 lege
819 2459 924 2546 Moysi
940 2459 1201 2544 justificabantur.
1237 2457 1394 2540 Quemad-

67 2580 210 2627 Doutv·2‚n
233 2562 361 2627 modum
371 2571 405 2626 et
419 2561 486 2646 ipse
503 2563 632 2649 Moyses
644 2563 676 2627 in
692 2563 935 2628 Deuteronomio
950 2562 994 2627 ait
1004 2563 1044 2627 ad
1059 2561 1224 2647 populum:
1241 2560 1395 2624 Dominus

233 2669 318 2733 Deus
341 2678 411 2732 turta
429 2678 636 2733 terrenarum
654 2670 799 2755 disposuit
816 2670 850 2734 iu
870 2668 991 2733 Horeb:
1016 2678 1042 2732 et
1057 2690 1117 2731 οου
1129 2665 1273 2753 putrido-r
1287 2666 1395 2729 cestris

234 2772 382 2857 disposuit
396 2771 547 2836 Deoniana
560 2781 765 2836 testamentum
779 2772 841 2850 loo,
856 2773 911 2837 sad
922 2772 967 2836 ud
980 2795 1039 2837 noa.

300 2877 332 2938 3.
370 2873 474 2954 Quare
489 2872 584 2959 igitur
595 2874 734 2958 patribus
749 2896 811 2938 non
823 2875 975 2960 disposuit
985 2873 1141 2938 Dominus
1153 2874 1394 2937 testamentum?

67 2997 138 3037 rum.
148 2997 161 3037 r.
170 2999 189 3037 a
235 2976 316 3059 Quia
330 2977 380 3040 len
392 2998 451 3040 υου
466 2987 508 3040 oet
514 2978 618 3061 posito
625 2977 736 3061 joarim
749 2979 828 3064 justi
842 2987 948 3044 antem
959 2987 1064 3064 patres
1075 2977 1236 3042 ⁸virtntem
1251 2974 1394 3062 decalogi

282 3129 789 3194 ¹HavingusodtheValentiuiauterm
839 3133 951 3183 dubitare
967 3133 1101 3196 nequimus.
1130 3131 1225 3180 Etenim
1241 3146 1313 3193 οορμ.
1330 3145 1396 3178 ιο·-

234 3212 375 3270 ἀνάπαυσις,
387 3212 429 3261 the
440 3213 531 3261 author
542 3213 633 3263 defines
645 3216 665 3264 it
676 3232 703 3263 ss
714 3216 789 3278 being
842 3214 871 3264 16
883 3215 944 3264 dicti
960 3214 1019 3263 libri
1036 3213 1147 3262 Enoehur
1157 3213 1193 3261 od
1207 3213 1302 3274 ουροὶος
1312 3228 1329 3259 ο
1341 3211 1394 3260 Deo

232 3294 277 3343 the
302 3293 423 3357 kingdom
447 3295 476 3342 of
502 3295 567 3356 (lod,
592 3312 619 3345 so
648 3296 789 3361 frequently
837 3296 925 3345 misane
946 3311 992 3344 ease
1013 3301 1141 3354 narratur,
1168 3294 1211 3356 qui
1238 3293 1333 3340 nullom
1360 3293 1395 3342 iia

232 3375 332 3424 likeucd
343 3376 369 3422 iu
382 3375 508 3440 Scriptura
519 3382 546 3426 to
557 3395 573 3426 a
583 3379 787 3442 marriage-feast.
833 3384 986 3440 pwcotorunv
998 3374 1042 3440 (re.
1053 3375 1081 3423 in
1092 3391 1117 3423 re
1123 3374 1236 3436 filiorum
1247 3373 1393 3435 hortantum)

233 3452 415 3505 Formiuthe
426 3457 559 3522 preceding
569 3458 626 3518 lino,
640 3458 749 3508 madiis.
836 3457 932 3506 reniam
965 3456 1114 3520 sperandam
1146 3471 1192 3504 aare
1223 3453 1391 3503 orrnuutioret.

281 3537 294 3569 ¹
310 3539 405 3587 Gnarus
416 3555 544 3602 compares
556 3539 650 3589 Ertffl.
659 3541 721 3590 Ano.
733 3555 785 3601 114,
837 3538 934 3598 Mass,
950 3538 1004 3598 Cn,
1017 3538 1107 3597 Voss,
1120 3536 1186 3584 Vnr.
1200 3536 1262 3584 omit
1274 3534 1329 3583 Dei.

232 3619 262 3668 de
279 3619 339 3669 Noe'.
375 3621 509 3682 Διομερίζει
526 3622 577 3681 μὲν,
597 3622 627 3671 ὡς
645 3623 788 3684 κληρονόμος
885 3620 1095 3680 ‘translaturum
1108 3617 1272 3676 toPamdise,
1285 3629 1310 3666 v.
1325 3633 1349 3667 v.

232 3701 276 3748 τοῦ
289 3701 385 3758 κόσμου,
403 3702 526 3750 καταστὰς
539 3700 584 3748 ὑπὸ
601 3700 644 3750 τοῦ
658 3702 725 3760 Θεοῦ,
739 3703 789 3751 τοῖς
885 3701 896 3733 ⁶
912 3700 1055 3763 According
1077 3706 1104 3748 to
1123 3699 1162 3746 La
1179 3698 1302 3757 Nounnv,
1324 3698 1391 3747 Bibl.

232 3783 310 3843 τρισὶν
322 3783 378 3831 υἱοῖς
390 3782 463 3829 αὑτοῦ
473 3782 515 3830 τὸν
527 3783 607 3830 πάντα
625 3784 720 3843 κόσμον,
742 3784 788 3831 ὑπὸ
837 3783 893 3832 PP.
907 3795 936 3831 11.
951 3795 1006 3844 715,
1019 3782 1062 3829 the
1073 3781 1158 3844 angels
1175 3778 1281 3828 rebe-lled
1292 3781 1393 3842 against

233 3865 334 3924 κλήρους
346 3865 436 3922 διελὼν,
452 3865 491 3911 rol
503 3864 608 3924 ἑκάστην
623 3866 707 3927 μερίδα
724 3866 788 3913 κατὰ
836 3864 893 3915 God
913 3865 939 3912 in
957 3864 1060 3922 heaven,
1075 3862 1125 3910 aud
1143 3878 1206 3909 wore
1225 3861 1347 3909 banished
1363 3866 1393 3910 to

232 3947 321 4007 κλῆρον
332 3947 427 4007 dedero
441 3947 573 4004 ἀπονέμων.
609 3946 661 3996 But
672 3964 731 4011 may
743 3953 787 3996 not
835 3942 1389 4008 carth,wheretheyoom1nittedsreshoffence,

230 4024 273 4073 the
285 4025 369 4074 Greek
380 4026 444 4075 have
455 4027 524 4086 been,
540 4028 637 4086 ἐδέξατο
646 4029 689 4077 τὰς
700 4030 786 4090 μετρὴ-
836 4029 899 4078 Gen.
914 4029 946 4076 vi.
962 4041 983 4076 υ.
1014 4028 1065 4075 AB.
1086 4027 1160 4074 omits
1179 4023 1282 4088 quidem,
1300 4024 1391 4073 audin

231 4123 280 4156 σεις
300 4108 343 4154 τοῦ
360 4109 451 4166 κόσμου
467 4109 510 4166 τῆς
533 4109 643 4170 δευτέρας
660 4110 784 4170 γενέσεως,
835 4118 931 4159 terram.

231 4186 274 4234 he.
288 4187 316 4234 ol
331 4187 373 4234 the
392 4187 451 4236 arkl
475 4203 499 4250 p.
520 4200 574 4248 172,
596 4200 617 4248 7.
653 4188 709 4249 Cn,
724 4189 785 4250 Vo.‚
884 4191 1011 4242 ‘Consta
1026 4187 1332 4240 cvtrnonmivrvvdtiturline.

231 4266 296 4314 Vsu.
310 4283 337 4315 as
348 4269 434 4318 above.
461 4270 513 4316 Au.
523 4270 566 4319 &a
579 4271 711 4319 recuvvdum
717 4288 785 4334 yene-
883 4271 894 4305 ⁷
912 4273 966 4333 On,
980 4272 1071 4332 Voss,
1086 4271 1131 4318 but
1141 4270 1192 4318 AB.
1207 4269 1281 4317 omits
1293 4274 1321 4317 et.

230 4348 343 4397 ''aliom-
884 4355 895 4387 ⁸
911 4354 1059 4404 cirtutcrn...
1069 4353 1200 4414 diligentes,
1218 4368 1245 4399 vo
1257 4350 1311 4409 Cu,
1325 4351 1389 4411 An,

279 4427 362 4480 ⁸Dei.
393 4432 543 4485 SotheAu.
579 4435 678 4494 Qnoerit
693 4436 787 4485 Enoclt
835 4431 1387 4497 Maso.11.,Mass.,buthanaasVoss.

229 4507 316 4570 Ιομοτίο
332 4511 368 4560 od
387 4515 488 4576 decoctor,
508 4517 581 4579 liquet
602 4535 630 4566 ea
649 4519 786 4582 apocrypho
833 4517 926 4578 vinna,
946 4517 1007 4566 with
1024 4518 1095 4578 tepent
1115 4515 1197 4563 before
1214 4512 1347 4576 diligemus,
1373 4530 1390 4563 a

230 4589 786 4665 lsbmll'rvoclri,qnem1rertaeootoenloefuiue
833 4599 955 4665 marginal
971 4599 1037 4663 gloss
1054 4614 1121 4662 upon
1136 4596 1191 4645 virt.
1204 4595 1318 4658 ἀοοοίορί.
